2802 4858
457 197 692 277 MEDAEA.
735 220 738 228 ·

61 374 231 442 irruerem
245 395 298 438 me
311 375 434 440 exulem
447 375 579 462 expellit
592 397 633 442 ex
646 376 707 442 hec
720 388 816 444 terre.

62 479 110 527 so.
129 460 172 528 Εἰ
180 460 336 546 permittit
349 459 472 528 Jseon?
492 485 596 550 neque
609 462 680 528 baec
694 463 821 550 quidem
835 462 942 530 luido.

60 547 238 613 nuverbis
250 547 379 633 quidem
393 569 471 628 non,
487 549 543 614 sed
553 561 655 614 tamen
713 551 736 614 ti
749 549 827 614 vult.

130 633 188 701 Sed
202 655 283 722 rogo
294 648 325 698 te
339 635 476 718 supplex
489 657 657 723 pergenae

129 721 169 786 Et
183 731 239 786 tus
252 741 368 808 genum
382 721 517 806 supplex
530 722 599 807 jem
614 722 672 786 tibi
683 721 738 799 iio,
866 764 871 774 ·

129 805 291 884 Miserere,
303 808 451 872 miserere
463 807 526 872 mei
542 805 683 886 infelicis,

130 891 238 979 Neque
253 913 303 956 rne
316 891 471 958 deserturn
487 915 525 957 ac
537 895 668 979 ejectum
682 893 823 979 aspicies,

129 979 188 1046 sed
205 978 309 1062 recipe
324 978 545 1063 mehospitem
559 979 593 1044 in
609 993 694 1046 tuom
710 981 872 1068 regionem
887 991 918 1044 et
932 979 1074 1046 domum.

128 1065 178 1132 Sic
192 1064 250 1129 tibi
265 1066 382 1150 cupido
394 1089 415 1129 e
428 1065 502 1131 Diis
515 1066 645 1152 explete
1059 1074 1123 1134 'llo
1156 1101 1165 1116 ·

126 1151 309 1216 liberorum
324 1149 391 1227 fiet,
406 1152 519 1236 etipse
534 1151 645 1216 bestus
659 1152 817 1216 morieris.

127 1237 266 1302 Lucrum
280 1249 387 1302 eutem
402 1257 466 1302 non
482 1238 555 1316 scis,
571 1250 724 1324 quantum
738 1238 894 1303 inveneris
909 1237 977 1303 bic:

127 1323 249 1388 Verabo
263 1335 295 1388 te
308 1345 375 1388 esse
388 1327 457 1388 sine
470 1323 587 1402 liberis,
602 1323 718 1389 liberos

128 1409 298 1474 Procreere
311 1423 348 1474 ut
360 1410 461 1494 possis
476 1410 619 1488 efficiam,
636 1411 710 1476 talia
727 1409 899 1495 phermece
910 1409 996 1476 novi.

53 1515 107 1561 ec.
127 1495 264 1582 Propter
276 1495 378 1560 multe
391 1496 449 1560 tibi
463 1495 547 1562 hene
560 1497 695 1582 gretiam
709 1497 786 1562 dere
1052 1536 1058 1558 .
1161 1549 1166 1556 .

126 1585 203 1648 Sum
219 1595 357 1666 pentus,
374 1581 406 1646 Ο
421 1582 543 1659 mulier,
557 1583 697 1668 primum
712 1582 838 1668 quidem
858 1597 989 1669 propter
1002 1581 1088 1657 deos,

124 1667 251 1734 Deinde
264 1684 394 1753 propter
409 1668 534 1746 liberos,
550 1690 685 1755 quorum
706 1669 941 1752 generationem
954 1665 1124 1754 promittis.

125 1756 162 1821 In
178 1756 240 1819 boc
254 1755 338 1820 enirn
353 1777 413 1856 ego
422 1755 490 1840 jem
503 1767 588 1820 totus
602 1767 692 1821 extre
706 1777 755 1820 me
770 1777 854 1819 sum.

126 1843 177 1908 Sic
201 1854 308 1906 eutem
336 1842 415 1906 mibi
440 1841 538 1908 habet
561 1863 628 1906 res:
651 1855 686 1906 tu
708 1863 785 1906 curn
807 1841 928 1906 veneris
952 1841 986 1906 in
1011 1860 1124 1927 agrurn

208 1939 363 2004 nostrum,

124 2014 274 2080 Consbor
288 2025 319 2079 te
332 2013 470 2100 bospitio
484 2015 631 2101 excipere
644 2015 719 2100 quie
732 2014 843 2082 debeo.
1061 2019 1124 2080 720

122 2101 265 2165 Tantum
276 2121 352 2164 vero
368 2103 427 2166 boc
442 2101 500 2166 tibi
516 2101 666 2186 praedico,
685 2102 815 2176 mulien

123 2185 209 2252 Nolo
223 2186 352 2273 quidem
366 2199 397 2252 te
411 2210 451 2253 ex
465 2187 526 2253 buc
538 2203 626 2252 terre
638 2187 807 2267 ebducere,

123 2271 220 2349 Quod
236 2273 265 2337 si
279 2275 348 2359 ipss
360 2273 482 2338 veneris
496 2275 528 2338 in
544 2295 647 2339 meum
661 2273 803 2349 domum,
945 2293 946 2299 ¹

123 2358 273 2424 Manebis
286 2359 331 2423 ibi
347 2372 424 2438 tute,
440 2381 544 2446 neque
557 2361 705 2446 cuiquem
722 2371 752 2424 te
767 2358 893 2424 dedam.

122 2446 175 2510 Ex
190 2446 254 2511 boc
267 2467 343 2510 vero
358 2462 484 2534 egroto
499 2448 567 2530 ipse
581 2445 744 2512 discedens
759 2445 834 2510 effer
849 2444 979 2529 pedem:

122 2531 345 2617 Inculptsbilis
360 2534 444 2598 enim
458 2533 552 2597 etiem
567 2531 653 2618 apud
666 2531 809 2616 hospites
823 2553 889 2596 esse
904 2530 986 2596 volo.

35 2620 231 2684 reensi-unt
245 2619 332 2694 baec;
355 2619 411 2684 sed
424 2619 449 2684 si
464 2618 543 2684 fides
556 2619 688 2684 daretur
704 2617 782 2682 mibi

123 2705 266 2782 Horum,
281 2703 431 2770 heberent
447 2705 554 2770 omnis
567 2703 716 2790 praeclere
730 2728 751 2769 u
764 2717 806 2768 te.

34 2811 100 2856 sno.
122 2793 241 2856 Annon
256 2789 411 2856 confidis?
433 2803 488 2856 eut
524 2791 578 2856 uid
594 2790 651 2856 tibi
666 2803 713 2854 est
726 2789 914 2854 molestum?

31 2877 278 2943 osenConiido:
300 2877 355 2944 sed
370 2877 482 2942 domus
500 2814 596 2942 delire
610 2875 748 2940 estmihi
763 2876 890 2940 inimice
1061 2875 1124 2949 780

121 2964 166 3030 Et
191 2964 311 3029 Creon.
357 2963 420 3028 His
444 2973 559 3040 eutem,
583 2963 607 3027 si
628 2961 836 3048 jurejurando
857 2957 938 3024 mibi
961 2958 1126 3024 devinctus

208 3048 314 3128 tueris,

120 3136 295 3204 Abducere
309 3136 487 3204 volentibus
500 3157 553 3200 me
566 3159 608 3202 ex
624 3159 701 3223 egro
716 3157 780 3200 non
796 3133 975 3218 permittes:

119 3223 328 3374 Verbigero
350 3223 578 3308 compositione
595 3222 677 3288 fecte
699 3235 732 3286 et
750 3222 812 3288 diis
830 3217 1038 3307 jurejurando
1058 3239 1124 3282 non

205 3332 227 3373 ο
266 3311 387 3388 nictus,

117 3397 255 3461 Amicus
269 3394 351 3461 forte
365 3395 425 3460 illis
439 3395 506 3472 fias,
518 3408 551 3461 et
563 3394 775 3482 legationibus

120 3481 230 3546 Facile
242 3481 457 3567 obtemperes:
481 3505 530 3546 res
544 3483 629 3562 enipi
645 3503 723 3546 mere
738 3494 811 3546 sunt
825 3477 971 3558 infirmes,
1083 3529 1086 3537 .

118 3567 189 3654 illis
205 3589 281 3634 vero
295 3581 368 3634 sunt
383 3591 458 3654 opes
472 3583 505 3633 et
517 3568 633 3633 domus
646 3569 743 3654 regio.

27 3675 87 3720 30.
115 3653 306 3731 ostendisti,
324 3653 435 3719 mulier
450 3675 598 3743 magnam
608 3653 840 3739 providentium
854 3654 955 3717 intua
968 3647 1123 3714 oratione:
1171 3691 1174 3696 -

119 3741 185 3806 Sed
200 3740 228 3805 si
243 3740 347 3826 placet
359 3741 418 3806 tibi
433 3741 503 3806 heec
515 3741 626 3817 fecere,
641 3761 706 3805 non
722 3761 851 3806 recuso:

116 3825 208 3894 Mihi
223 3827 310 3892 enim
323 3826 394 3893 hee
408 3849 535 3914 quoque
548 3827 666 3892 tutiora
680 3841 766 3906 sont,

117 3913 153 3978 si
170 3913 341 3978 ostendere
354 3916 469 3999 possim
485 3913 623 4001 aliquem
637 3913 869 3978 excusationem
884 3909 946 3974 tuis
959 3905 1106 3985 inimicis,

115 3997 163 4064 Et
175 4013 233 4064 tue
242 4021 294 4064 res
309 4001 370 4064 erit
382 3999 519 4075 firmior;
567 3999 625 4065 roei
638 3999 741 4064 verbis
755 4019 834 4085 quos
843 3997 948 4082 jurem
962 3995 1050 4062 deos.
1063 3999 1122 4062 741
1203 4051 1208 4056 .

27 4085 203 4154 Eudurs
216 4085 320 4152 solum
334 4099 438 4164 terrie,
453 4099 486 4152 ct
502 4023 608 4152 Soiem
624 4097 747 4167 petrem
761 4087 860 4169 putris

115 4169 203 4250 Mei,
219 4189 252 4236 et
266 4183 369 4238 toturn
383 4173 476 4238 simul
490 4195 592 4262 genus
606 4173 752 4239 Deorum
767 4171 972 4257 conjungens.

27 4285 82 4329 ce.
113 4257 230 4338 Quem
245 4281 314 4324 rern
329 4257 496 4338 sedunum,
512 4273 568 4326 eut
580 4259 659 4345 qnid
676 4281 738 4326 non
753 4253 933 4324 facturum?
953 4253 1061 4324 dicito.
