2888 4856
517 239 810 308 ELECTRA.
1145 253 1210 314 688

208 423 256 494 Ut
270 441 368 488 unum
383 418 493 484 saltem
509 419 541 484 in
556 419 640 484 diem
655 418 750 484 hosce
764 417 885 503 replere
897 419 1015 520 possim
1029 415 1113 486 cibo.

208 510 289 576 Cum
303 521 407 574 autem
424 507 456 570 in
471 503 652 592 hujusmodi
666 527 716 571 res
729 505 881 592 cogitatio
895 505 1053 586 inciderit,

208 594 382 662 considero
395 591 552 680 pecunias,
569 613 663 681 quarn
678 613 826 682 magnam
842 590 979 659 habeant
992 593 1176 679 potentiam,

210 683 257 750 Ut
277 695 310 782 et
329 677 506 832 hqspitibus
526 678 604 744 dare
623 679 791 766 possimus,
807 699 983 766 corpusque
1004 681 1037 744 in
1059 677 1207 746 morbum

292 788 355 832 mcs
379 787 434 831 ens
1159 813 1167 820 .

209 853 395 940 Sumptibus
409 873 549 918 serrare:
572 851 613 917 ad
627 850 845 954 quotidianum
861 872 936 917 vero
949 852 1067 917 victum

208 942 326 1009 Parum
341 936 452 1004 relert:
474 940 576 1003 omnis
590 959 673 1004 enam
688 938 738 1000 vir
750 937 881 1004 satiatus

207 1027 251 1094 Et
263 1027 351 1093 dites
365 1039 396 1092 ct
410 1046 531 1112 pauper
545 1024 731 1090 tantundem
745 1023 817 1090 lert.
1142 1033 1208 1093 480

116 1139 199 1187 cuo.
210 1114 243 1181 Ο
258 1112 386 1202 inclytae
399 1133 504 1190 naves,
520 1133 593 1200 quae
606 1110 682 1176 olim
698 1109 829 1198 Trojsm
845 1109 1010 1198 appulistis
1077 1115 1146 1198 (atr.
1163 1113 1208 1193 1.)

206 1200 385 1268 Innumeris
399 1199 503 1276 remis,

205 1289 368 1354 Ducentes
381 1284 496 1350 choros
510 1305 582 1350 cum
598 1283 695 1350 Nerei
710 1283 831 1372 puellis,

207 1373 274 1442 Ubi
289 1373 501 1440 tibiae-amans
517 1369 696 1457 Delphinus
710 1369 798 1436 exul-

205 1461 294 1528 tabat
307 1459 410 1546 proris
424 1456 555 1524 caerule-

204 1549 232 1613 is
245 1543 500 1623 circumvolutus,

204 1633 377 1701 Deducens
390 1629 640 1712 Thetidisfiliurn

205 1719 324 1788 lavem
341 1719 421 1784 saltu
436 1715 553 1804 pedum
570 1714 728 1782 Achillem

206 1807 289 1874 Cum
305 1809 548 1896 Agamemnone
562 1802 672 1890 Trojae

204 1894 257 1961 nd
274 1892 463 1958 Simoentias
476 1911 558 1956 oras.
1140 1897 1207 1956 44⁰

204 1979 358 2048 Nereides
372 1999 448 2043 sero
463 1975 614 2042 Euboicis
628 1977 692 2042 oris
705 1975 823 2042 relictis
1066 1981 1141 2058 (unt.
1160 1975 1205 2058 l.)

204 2065 342 2132 Vulcani
356 2066 458 2130 aureis
472 2065 512 2128 cd
526 2061 692 2129 incudibus

204 2152 348 2220 Labores
361 2148 586 2217 inenarrabiles
600 2171 761 2216 armorum
777 2145 928 2224 ferebant,
1009 2152 1012 2163 '

205 2239 269 2306 Per
284 2237 407 2304 Pelium
422 2259 541 2324 perque
555 2235 659 2302 excel·
1032 2239 1046 2268 ⁸

202 2349 254 2392 sos
268 2325 362 2392 Ossae
376 2345 482 2390 sacros
495 2323 604 2406 saltus,

202 2411 427 2502 Nympharum
537 2409 593 2489 las,

202 2499 324 2566 Oculos
338 2498 455 2563 circum
469 2507 581 2562 munt:
606 2495 660 2562 tbi
674 2507 766 2581 pater

203 2585 310 2673 Eques
323 2583 469 2650 educadt
483 2581 622 2649 Graeciae
635 2581 754 2660 lumen,

201 2671 349 2740 Thetidis
363 2671 518 2736 murinam
532 2667 685 2749 sobolem,

202 2757 352 2824 Velocem
366 2755 502 2846 pedibus
515 2755 733 2822 auxiliatorem
749 2753 880 2820 Atridis.
1138 2759 1203 2818 ato

201 2845 256 2912 Ex
270 2843 408 2934 quodam
424 2855 528 2910 autem
543 2841 650 2909 audivi
665 2841 718 2928 qui
734 2839 775 2906 ab
791 2839 852 2906 llio
866 2839 898 2903 in
916 2837 1028 2904 Portus
1073 2843 1140 2918 (atr.
1156 2837 1202 2920 ἲ.)

201 2931 359 3018 Nauplius
373 2943 501 2996 venerat
577 2965 595 3002 1

201 3017 278 3100 Tui,
294 3021 327 3085 Ο
341 3016 488 3084 'lhctidis
502 3014 559 3094 lili,

200 3103 331 3172 Nobilis
345 3106 426 3171 scuti
440 3103 473 3168 in
488 3101 566 3168 orbe

201 3191 398 3278 Hujusmodi
413 3191 513 3278 signa,
528 3203 663 3256 terrores

202 3277 252 3344 Ph
289 3279 360 3368 gius
373 3275 439 3344 stul
464 3289 496 3342 ta
510 3297 593 3342 esset

200 3365 239 3432 ln
282 3364 358 3452 ppei
396 3364 426 3429 ui
450 3383 500 3430 ern
515 3360 635 3428 ambitu

200 3451 351 3518 Perseum
365 3385 554 3516 decollatum
569 3467 668 3534 supra
681 3467 768 3512 marc

196 3537 302 3642 Ma
315 3537 423 3604 talari·
526 3621 533 3638 ι

195 3623 711 3812 'limitelimite
1135 3621 1200 3680 ⁴⁰⁰

197 3795 299 3864 Marsa
313 3811 461 3862 venatore
474 3793 562 3860 lihoa

196 3884 236 3951 ln
251 3883 476 3949 medicantem
490 3879 758 3971 hilgchatclypco
1059 3875 1138 3956 (ast.
1154 3871 1200 3954 Β.)

197 3971 356 4036 Coruscus
370 3967 457 4034 orbis
471 3967 545 4034 solis

196 4055 298 4144 Equis
311 4077 384 4122 curn
398 4055 501 4134 alatis,

197 4145 432 4230 Astrorumque
445 4139 574 4208 aetherei
589 4137 690 4214 chori,

198 4229 353 4308 Pleiades,
368 4239 399 4294 et
417 4227 560 4316 Hyades,
578 4223 727 4292 Hectoris

198 4313 310 4382 Oculis
324 4313 638 4400 terribilessspectut

197 4401 237 4470 ln
251 4401 343 4494 galea
356 4423 434 4470 sero
446 4403 550 4470 aureis
561 4397 671 4488 liguris
684 4393 801 4462 decora
