2854 4866
236 219 353 298 ,sss
640 205 966 278 nun1rrn1s

341 383 403 449 Sed
417 397 595 471 nge3-non
611 395 658 446 est
671 383 755 447 enirn
770 395 863 467 turpe
876 383 1072 471 colloqui,-

339 471 373 537 Si
389 493 457 535 mee
471 469 598 557 quidem
613 468 680 534 fitia
692 489 757 532 non
772 471 885 554 periet,
901 493 940 535 ex
955 473 1013 536 iste
1027 493 1103 536 vero

338 557 518 622 Nascantur
532 555 634 636 liberi,
650 577 699 620 eos
713 554 804 643 hujus
822 573 914 622 terre
931 557 1124 623 Phthioticae

304 671 306 677 ’
338 643 520 708 constitues
533 642 698 706 dominos?
724 657 754 705 et
768 663 842 706 cum
856 644 919 708 sint
932 667 1047 732 genere
1061 644 1190 710 [sorberi

337 731 457 796 Graecis
472 726 697 814 imperabunt?
721 727 847 793 Deinde
856 751 933 794 vero
946 753 1006 818 ego
1020 731 1146 820 quidem
1158 753 1223 797 non
1239 734 1348 820 sepio,

336 815 404 894 Qui
419 817 470 880 odi
485 817 611 901 injuste,
626 815 684 879 tibi
699 837 775 879 vero
790 817 869 882 inest
882 815 997 882 mens?

285 939 287 945 v
337 901 421 968 Illud
436 903 528 966 etism
544 923 631 966 nunc
645 902 767 986 sspice;
791 902 816 965 si
831 901 929 967 filiam
949 917 1037 968 tuum

335 989 427 1054 Dens
442 989 534 1053 elicui
549 989 677 1060 ciuium.
691 986 763 1052 dein
779 987 849 1054 haec
864 1001 1036 1074 peteretur,
1277 1003 1349 1060 660

335 1077 388 1140 An
405 1077 525 1140 sederes
539 1072 675 1140 tacitus?
697 1095 761 1138 non
776 1075 910 1159 opinor:
933 1098 992 1161 pro
1005 1078 1173 1166 peregrine
1185 1099 1268 1144 vero

335 1162 430 1227 Telis
443 1161 521 1227 dicis
535 1161 684 1226 adversus
698 1161 888 1226 necessarios
902 1162 1043 1228 amicos?

335 1241 427 1314 Ide'm
443 1263 547 1314 temen
557 1248 611 1334 jus
624 1247 720 1312 hebet
734 1249 780 1310 vir
795 1261 827 1313 et
840 1247 964 1329 mulier,

336 1335 582 1423 Injuriseffecte
595 1357 615 1398 e
628 1335 759 1398 marito:
782 1335 961 1422 pariterque
975 1337 1024 1399 vir

335 1421 418 1487 Cum
432 1421 528 1486 babet
543 1421 574 1484 in
591 1420 713 1486 sedibus
727 1420 890 1486 mulierem
906 1422 1109 1508 impudicum.

334 1507 380 1572 Et
391 1507 466 1572 huic
480 1505 607 1594 quidem
623 1509 686 1574 uiro
702 1529 851 1594 nregnurn
867 1509 966 1572 robur
979 1525 1026 1572 est
1041 1509 1076 1574 in
1093 1510 1250 1588 menibus,

335 1593 425 1659 Huic
440 1616 515 1659 vero
529 1594 643 1658 mulieri
657 1593 690 1656 in
704 1594 888 1678 parentibus
898 1607 930 1660 et
943 1596 1052 1659 suricis
1067 1607 1201 1664 ressunt
1211 1599 1345 1682 positse.

335 1680 423 1769 Ergo
432 1681 554 1766 justum
569 1691 617 1744 est
632 1702 682 1744 me
695 1701 788 1766 opem
802 1679 884 1745 ferre
902 1683 991 1746 mois.

335 1767 448 1845 Senex,
463 1789 558 1832 senex
572 1789 622 1830 es:
645 1765 686 1830 de
699 1781 770 1831 mee
780 1789 855 1832 vero
869 1767 997 1832 rniliteri
1011 1768 1289 1836 administratione

314 1908 318 1914 .
333 1855 452 1918 Dicens
466 1855 538 1940 pius
548 1853 640 1938 juves
656 1875 715 1930 me,
732 1876 827 1941 quum
842 1867 959 1918 tacens.
1273 1867 1343 1928 670

334 1939 461 2005 Helene
475 1962 558 2016 vero,
575 1939 743 2004 libidinosa
756 1939 817 2006 fuit
830 1962 895 2004 non
912 1940 1030 2018 volens,
1045 1941 1099 2005 sed
1113 1941 1282 2026 divinitus,

333 2026 377 2091 Et
392 2028 452 2091 boc
467 2027 637 2112 plurimum
652 2025 771 2112 profuit
785 2027 939 2091 Graeciae:

334 2112 418 2178 Num
434 2135 506 2178 curu
522 2126 625 2176 essent
640 2113 776 2197 imperiti
792 2133 951 2177 erutorum
967 2127 998 2177 et
1011 2135 1139 2202 pugnae,

334 2199 559 2264 processerunt
572 2197 613 2263 nd
627 2197 855 2266 fortitudinem.
900 2199 984 2264 Nem
1001 2223 1076 2265 usus
1177 2267 1180 2274 ,

333 2283 487 2351 Omnium
502 2307 597 2351 rerum
612 2299 659 2350 est
672 2283 852 2350 hominibus
865 2287 1023 2374 magister.

333 2371 431 2448 Quod
445 2385 550 2436 sutem
564 2393 624 2459 ego
639 2373 766 2436 veniens
780 2372 814 2434 in
828 2385 1030 2458 conspectum
1045 2393 1125 2438 meoe

332 2458 494 2543 conjugis,
507 2457 634 2522 cohibui
650 2479 709 2533 me,
722 2481 763 2521 ne
776 2458 983 2524 interficerem
999 2483 1075 2541 eurr,
1090 2459 1250 2546 sapienter
1261 2459 1339 2526 feci:

332 2543 454 2609 Vellem
469 2565 529 2609 neo
542 2557 575 2608 te
588 2543 778 2609 interfecisse
793 2543 949 2612 Phocum.

333 2629 418 2697 Hoec
432 2631 634 2696 benevolens
655 2631 712 2696 tibi
727 2630 870 2716 pluribus
887 2653 955 2712 sum
977 2644 1172 2718 persecutus,
1187 2655 1254 2698 non
1279 2633 1341 2700 irae

329 2805 365 2868 si
379 2732 687 2882 veidaiiicindesoas,
703 2803 761 2868 tibi
776 2802 904 2889 quidem
918 2805 1037 2892 linguis
1050 2806 1182 2872 morbus
1270 2815 1340 2874 680

332 2889 439 2976 Major
453 2900 507 2968 est,
524 2889 601 2955 rnibi
616 2911 691 2954 vero
704 2889 795 2954 lucro
809 2892 869 2956 erit
882 2892 1061 2975 prudentie.

243 2977 646 3063 cno.Cessetejenr‚-hoc
660 2977 745 3042 enim
760 2990 808 3041 εει
822 2976 925 3041 multo
937 2979 1094 3064 optimum

329 3061 443 3127 Verbis
457 3062 499 3126 ab
512 3064 669 3143 inanibus,
685 3085 726 3126 ne
739 3062 834 3128 ambo
848 3064 940 3128 simul
954 3065 1098 3150 peccetis.

245 3171 317 3216 reu.
331 3149 396 3214 Hei
411 3147 499 3227 mihi,
516 3171 610 3235 quam
627 3149 728 3213 malus
741 3171 810 3214 mos
821 3161 868 3214 est
882 3150 915 3214 in
932 3149 1078 3216 Graecis!

329 3235 438 3312 Quum
453 3237 610 3300 exercitus
624 3237 733 3300 statuit
747 3249 797 3300 tro
820 3234 891 3301 baee
904 3236 945 3302 de
958 3237 1113 3314 hostibus,

329 3323 403 3388 Non
417 3335 530 3408 putent
543 3321 606 3388 boc
620 3344 701 3408 opus
714 3345 784 3386 esse
797 3259 1010 3388 iirborentium
1024 3323 1165 3402 militurn,

328 3409 392 3476 Sed
407 3409 579 3494 imperator
591 3412 730 3476 victorie
741 3409 875 3497 glorium
891 3410 1003 3490 aufert,

326 3495 393 3573 Qut
406 3517 489 3561 unus
501 3496 627 3560 vibrnns
640 3495 763 3560 bustum
777 3517 852 3560 cum
867 3497 935 3561 eliis
949 3496 1133 3572 innumeris,

189 3647 195 3656 ,
326 3581 417 3648 Nibil
432 3581 503 3666 pios
517 3603 582 3647 uno
597 3583 724 3660 faciens,
740 3582 836 3647 hebet
849 3585 1001 3669 arsurem
1014 3581 1139 3648 umam.
1265 3593 1334 3652 689

326 3669 447 3736 Graves
462 3681 567 3734 sutem
581 3670 639 3734 uiri
649 3669 682 3732 in
697 3670 932 3758 magistratibus
947 3669 1090 3736 sedentes
1105 3668 1138 3734 in
1153 3667 1299 3749 urbibus,

325 3757 409 3821 Sunt
422 3755 620 3844 superbiores
634 3755 736 3836 plebe,
752 3777 824 3820 curn
841 3767 940 3821 tamen
955 3756 1020 3821 sint
1032 3755 1177 3822 homines
1191 3756 1304 3822 nihili:

326 3841 375 3906 Hi
390 3854 495 3908 sutem
510 3858 584 3906 sunt
597 3841 658 3906 iilis
672 3843 861 3907 immensum
874 3855 1029 3930 quantum
1044 3843 1264 3930 sapientiores,

326 3927 361 3993 Si
376 3933 462 3992 modo
475 3927 604 3994 accedet
618 3927 750 3993 sudscie
764 3941 796 3994 et
810 3929 955 3994 voluntas
969 3928 1072 3994 simul.

325 4013 415 4080 Sicut
428 4029 464 4079 tu
478 4029 510 4080 et
524 4027 597 4080 tuus
610 4014 707 4078 freter
721 4016 884 4081 nrmefscti

324 4099 461 4185 Propter
475 4101 607 4188 Trojsm
622 4101 736 4166 sedetis
749 4117 780 4167 et
794 4103 837 4167 ob
851 4103 893 4166 im
937 4103 1018 4166 rium
1034 4101 1202 4168 militarem
1218 4101 1298 4182 illic,

324 4185 492 4251 AErnmnis
505 4187 639 4256 eliorum
653 4205 686 4252 et
699 4188 861 4254 laboribus
924 4189 959 4254 ti.

322 4272 497 4340 Ostendern
512 4287 617 4341 eutern
632 4275 771 4364 egotibi,
788 4297 916 4342 menon
934 4277 1045 4342 ldeum
1061 4274 1211 4342 Peridern
