2852 4862
248 215 317 276 rte·
639 207 970 276 EURIPIDIS

338 383 392 452 Tu
405 407 483 452 vero
497 407 562 450 non
577 386 639 464 ius,
654 383 709 451 sud
724 385 785 474 eg'n
800 407 852 454 nte
860 381 1033 473 junint‘enr,
1070 419 1075 426 ·
1134 428 1137 440 ·

338 479 441 554 Anus,
456 473 539 549 exui,
555 472 663 538 liberis
676 476 800 552 orbata,
815 474 946 558 sepelio,
960 475 1114 540 miserunt
1129 474 1276 541 meister.

338 559 407 629 Hei
422 559 499 623 mihi
512 557 519 623 Ι
544 559 600 624 iliu
614 560 719 625 multo·
728 561 837 626 oscuie
850 573 883 625 et
897 579 977 625 tuere
991 562 1224 630 nutricatioues

284 681 289 696 ·
340 647 383 712 Et
397 633 705 732 cantus-iltiperi'ese
720 647 808 712 mihi.
853 645 1019 722 Quidnam

342 733 467 798 Scribo
482 733 524 798 de
539 746 570 798 ie
587 733 686 799 Poete
700 735 733 798 in
749 732 940 820 sepulchro?

342 820 443 885 Hunc
455 819 593 903 puerum
608 819 831 886 iuterfecerunt
848 820 957 907 Argivi
974 821 1050 886 olim

341 902 522 972 Metuentes
537 913 631 971 enm?
654 905 855 993 tur-pessunt
869 905 1065 995 epignuumu
1079 907 1142 973 hoe
1158 905 1306 974 (inscite.

341 993 424 1070 Sed‚'
434 993 467 1058 0
481 994 536 1080 qui
551 1008 761 1080 patronorum
777 992 858 1057 nihil
874 1009 986 1060 nactus
999 1017 1032 1060 er
1053 998 1205 1076 bostonus,
1221 995 1344 1060 hebebis

259 1089 262 1100 '
427 1093 543 1158 tamen,
937 1131 939 1136 .
1269 1090 1339 1147 11111

341 1165 481 1232 AEneum
498 1181 633 1244 scutum,
649 1168 681 1232 in
699 1189 763 1252 quo
777 1165 948 1253 sepelieris.

341 1255 382 1330 Ο,
399 1253 649 1338 pulcherrimum
668 1254 820 1320 Hectoris
835 1251 1000 1318 bruchium

343 1339 489 1415 sensns,
507 1341 662 1426 optimum
679 1341 727 1404 tui
740 1340 903 1405 custodem
920 1363 999 1405 nnnc
1013 1341 1153 1409 omisisti.

342 1425 450 1502 Quem
465 1426 566 1491 dulcis
582 1428 615 1490 iu
630 1428 800 1492 tueuubrio
814 1427 876 1491 tibi·
883 1429 968 1514 juset
982 1425 1096 1514 figure,

346 1511 568 1600 Umbonisque
583 1513 615 1577 in
631 1514 855 1580 bene-tornato
869 1515 992 1578 ambitu
1007 1515 1115 1594 sudor,

345 1598 451 1675 Quem
468 1619 511 1664 ex
527 1595 632 1664 fronte
645 1621 740 1682 serpe,
757 1601 880 1666 labores
895 1602 1062 1678 nistittene,

345 1686 491 1752 Stiliabat
508 1686 644 1764 Hector,
661 1687 833 1753 admovens
846 1688 945 1775 genios

344 1771 448 1850 Ferte,
462 1787 588 1858 portate
602 1775 717 1840 misero
732 1775 880 1840 ornaveri-
891 1787 1039 1840 ornatum

346 1861 410 1925 Pro
427 1864 632 1945 presentium
648 1883 745 1926 neren
759 1873 865 1928 stetur
888 1881 954 1924 non
971 1863 1055 1926 enirn
1070 1861 1110 1925 ed
1125 1861 1246 1928 cultum
1270 1881 1346 1926 sunr-

305 1968 308 1980 ·
422 1957 580 2032 ›ptuosurn
595 1947 757 2014 fortunent
1272 1957 1347 2014 1190

343 2027 417 2098 Dnt'
427 2035 532 2099 Deus:
556 2055 595 2099 ex
611 2036 648 2100 iis
662 2055 738 2101 vero
752 2057 825 2123 quae
839 2034 953 2112 habeo,
970 2035 1040 2100 hren
1054 2035 1173 2121 recipe.

345 2119 468 2185 Stultus
491 2135 597 2186 sutem
622 2135 669 2186 est
694 2123 777 2187 inter
799 2122 955 2201 homiues,
980 2123 1047 2208 qui,
1070 2135 1189 2208 puteus
1217 2144 1252 2188 se
1273 2123 1345 2186 bene

471 2209 582 2273 riioere
967 2251 971 2260 ·
1065 2255 1070 2262 -

348 2229 469 2370 Firniif
482 2295 630 2384 indulget
643 2295 773 2383 getulio.
818 2293 1058 2360 VeniationIbus
1072 2297 1157 2361 eninr
1176 2295 1323 2370 Fortuna,

348 2380 469 2445 Furens
484 2381 579 2446 veluti
596 2381 703 2460 horno,
719 2381 783 2446 huc
798 2397 830 2447 et
844 2383 920 2447 iiiuc

347 2466 457 2544 Saltu,
475 2489 534 2531 nec
548 2469 637 2532 uitus.
647 2485 772 2554 semper
786 2469 869 2534 idem
884 2483 932 2534 est
946 2469 1032 2533 seiirt.
1048 2460 1052 2481 ‘

260 2573 336 2619 eno.
352 2557 449 2640 Atqui
465 2575 533 2640 proe
549 2555 694 2622 munibus
708 2555 777 2619 iste
791 2556 849 2620 tibi
862 2579 906 2642 ex,
917 2555 1026 2641 spoliis

347 2639 512 2728 Phrygum
530 2641 677 2707 adierunt
691 2655 837 2707 ornantur
855 2659 891 2707 ut
904 2642 1066 2728 appennine
1080 2642 1239 2708 eodereri.

260 2727 380 2794 neno
399 2728 469 2805 Fili,
485 2749 549 2793 non
565 2731 653 2816 equis
666 2730 844 2796 vincentem
861 2727 924 2806 Te,

348 2813 462 2902 Neque
474 2817 612 2903 aequsnes
626 2837 712 2892 arcu,
727 2835 822 2902 quem
839 2815 984 2903 Phryges
998 2835 1119 2881 morem
1410 2869 1411 2898 ι

347 2901 478 2979 Colunt,
495 2925 559 2968 non
575 2903 616 2968 od
631 2905 805 2968 sutietatem
823 2917 990 2979 mantes,
1274 2909 1348 2968 1200
1410 2919 1411 2964 1

348 2987 456 3053 Mater
470 2991 568 3075 patris
582 2992 655 3056 inte
669 2987 847 3055 accumulet
861 3003 1048 3054 ornnnrente
1410 2981 1411 3042 1

348 3073 399 3140 lix
415 3077 478 3139 tuis
493 3077 654 3162 quondam
671 3077 882 3151 facultatibus,
899 3097 985 3141 nunc
999 3090 1105 3142 eutem
1122 3089 1156 3140 te
1168 3077 1232 3142 ‹ttts
1247 3077 1337 3142 inrisa

349 3161 490 3226 Privovit
507 3163 543 3226 iis
560 3162 705 3227 Heleno:
729 3177 885 3248 preterea
898 3165 1083 3228 reroetiun
1098 3177 1190 3228 nrum
1204 3166 1334 3230 unirnun
1410 3185 1411 3248 1

348 3247 521 3328 Inter-iecit,
537 3263 569 3313 et
585 3251 764 3314 universum
779 3250 911 3315 domurn
926 3249 1078 3334 pendidit.
1410 3249 1411 3296 1

261 3355 338 3401 cuo.
350 3333 438 3413 Heu,
453 3333 536 3400 heu!
562 3337 703 3420 tetigisti,
718 3337 849 3425 tetigisti
862 3339 1050 3440 praeconiis,
1067 3339 1102 3401 0
1410 3341 1411 3406 1

350 3420 491 3508 Magnus
505 3421 581 3486 olim
598 3423 676 3486 utini
689 3423 828 3490 existens
841 3424 978 3491 civitatis
993 3437 1105 3490 ruant.
1410 3429 1411 3458 1

262 3508 429 3588 uqunae
446 3532 522 3574 voro
533 3511 677 3593 oportuit
691 3523 723 3574 te
737 3510 870 3576 induere
883 3514 1008 3596 corpori
1025 3511 1057 3574 in
1074 3513 1208 3597 nuptiis,

346 3597 524 3663 Ducentem
540 3595 767 3661 nobilissimam
782 3597 1005 3674 Asiaticnrum,

348 3685 431 3748 Haec
443 3695 630 3748 ornamenta
645 3684 776 3748 restium
794 3694 844 3749 nro
857 3685 984 3768 corpori
999 3685 1158 3770 appendo·

349 3771 401 3836 Tu
418 3791 505 3854 vero,
515 3771 759 3858 quaequondsm
774 3770 859 3836 fuisti
872 3771 1263 3858 vtctoriosspturimonon
1279 3781 1356 3840 ltro

351 3857 459 3922 Meter
470 3855 701 3943 trophaeorum,
720 3857 871 3922 Hectoris
885 3859 1017 3923 charum
1034 3873 1171 3938 scutum,

350 3942 549 4010 Coronutor:
565 3945 708 4010 morieris
717 3945 814 4022 enirn,
825 3963 888 4009 non
899 3959 1036 4024 mortun,
1046 3967 1120 4012 curn
1131 3945 1355 4012 inreadnrerr:

351 4027 435 4104 Quis
451 4044 484 4095 te
498 4032 599 4096 inuito
612 4032 726 4112 magis.
741 4053 837 4117 quarn
853 4031 948 4098 astuti

350 4115 556 4204 improbique
573 4117 697 4204 Uiyeris
711 4137 839 4206 equum
855 4131 899 4185 est
912 4117 1074 4185 honorare
1086 4141 1187 4186 erute.

263 4221 339 4266 etro.
352 4201 428 4267 Heu
447 4203 507 4270 heu
523 4227 552 4268 ae
567 4225 595 4268 te
610 4207 616 4268 1

350 4287 453 4366 01111,
470 4311 566 4374 quern
583 4291 662 4358 tristi
679 4291 903 4361 inruentetione
917 4307 1003 4372 tem
