2882 4858
412 215 801 286 HERACLIDAE.
1092 231 1155 292 498

153 391 303 466 Ululatm
316 403 467 460 resonem
480 393 643 460 nocturni·
655 393 817 480 pianaibua
850 489 856 498 Ι

155 481 280 550 Pedum
294 479 463 568 virginum.

72 569 186 642 runo
200 566 352 646 Domina,
367 565 500 632 nuncioe
515 565 572 632 tibi
588 567 784 632 breviarimot

153 654 289 732 Auditn,
300 663 333 718 et
347 653 425 718 mihi
442 651 515 719 huic
528 649 767 736 pulcherrimos,
782 652 859 720 fero.

152 739 318 808 Vincimna
331 738 447 812 hostes,
464 754 497 804 et
510 737 704 804 collocantur
720 738 875 824 trophea,

154 828 241 906 Qate
254 824 373 890 habent
387 825 533 890 universa
546 845 635 890 arma
649 837 776 890 murum
790 825 940 893 hostiurn.
1093 835 1156 900 780

74 939 140 986 uc.
151 917 186 982 0
200 911 389 988 charissime,
407 913 463 976 iste
476 909 542 975 dien
556 911 622 998 egit
636 924 667 976 te
682 913 747 988 iaec,

155 1001 217 1070 Uti
231 999 311 1064 iiber
324 997 382 1062 fian
395 1013 527 1082 propter
542 996 601 1060 hoa
614 997 756 1062 nuncios.

156 1083 310 1156 Nondum
326 1097 431 1148 tamen
446 1082 561 1148 liberae
576 1104 627 1148 me
640 1081 681 1148 ab
696 1105 760 1148 una
773 1085 909 1170 quadam
924 1083 1123 1154 difficultate:

155 1173 272 1242 Metuo
285 1171 369 1236 enim
383 1191 423 1236 an
439 1167 517 1234 mihi
530 1171 648 1247 vivant,
663 1191 743 1256 quoe
756 1185 833 1257 opto
846 1171 955 1238 eicere.

74 1261 275 1332 imvivuut
288 1257 424 1322 maxime
437 1255 566 1344 gloriosi
581 1255 613 1320 in
628 1255 780 1322 exercitu.

72 1371 142 1418 etc.
156 1349 264 1416 Senex
279 1363 356 1444 ergo
369 1363 447 1408 num
462 1339 568 1407 mbae
583 1353 740 1425 superstes
754 1355 800 1408 eet
815 1343 923 1410 Iolaus
936 1346 990 1412 hic
1004 1347 1136 1413 noeter?

73 1431 309 1508 mMuime,
324 1427 420 1516 rdque
434 1449 469 1494 re
482 1427 694 1512 pulcherrime
706 1441 795 1515 gesta
809 1429 953 1498 Deorum
970 1432 1084 1500 favore.

74 1545 143 1590 m„
156 1515 339 1668 Quidfvern
357 1511 428 1580 esti
448 1535 525 1580 num
540 1514 625 1601 quod
646 1514 835 1599 preclarum
849 1515 977 1598 surim
990 1521 1024 1586 in
1045 1521 1157 1606 praelio

252 1615 333 1668 een.
463 1659 467 1682 ,
559 1671 562 1680 ,
588 1671 592 1686 ,

74 1691 272 1762 rnnFactue
285 1701 333 1754 eet
341 1689 465 1775 Juvenie
479 1709 587 1753 ruram
601 1709 640 1753 ex
655 1708 739 1754 eene.

75 1801 143 1848 auc.
156 1775 246 1844 Mira
259 1774 354 1840 dicia:
377 1773 431 1840 aed
446 1775 856 1860 teprotperamamieorum
1094 1787 1158 1848 79⁰

158 1865 283 1952 Pngnee
296 1859 529 1927 dimicationem
544 1860 682 1946 primum
698 1883 828 1928 narrare
839 1863 922 1928 volo.

75 1950 234 2020 anna
249 1969 318 2012 mea
332 1947 434 2013 oratio
448 1946 556 2012 omnin
570 1945 628 2012 tibi
643 1945 834 2036 significabit
848 1949 935 2014 baec:

159 2037 330 2122 Postquam
346 2033 429 2098 enim
444 2031 535 2098 alteri
549 2031 655 2100 alteria
668 2047 824 2100 armatum
839 2035 1011 2102 exercitum

158 2125 197 2191 ln
212 2119 318 2186 fronte
330 2121 532 2186 extendentee
545 2119 760 2206 opposuimus,

160 2207 281 2296 Hyllus
295 2205 489 2308 quadrijugis
502 2225 543 2272 ex
558 2205 702 2272 curribus
716 2206 848 2272 efferens
862 2208 985 2294 pedem,

157 2293 309 2362 Constitit
323 2292 355 2356 in
370 2291 476 2358 medio
489 2292 592 2378 apatic
606 2291 770 2379 utrimque
782 2295 937 2360 exercitur
950 2295 1104 2374 instructi,

160 2381 205 2448 Et
217 2379 334 2446 deinde
346 2377 444 2444 dixit:
469 2376 591 2455 Odux,
607 2378 661 2464 qui
676 2378 718 2443 ab
733 2381 830 2467 Argis

158 2467 270 2549 Venia,
284 2485 358 2588 cnm
373 2465 586 2590 terramohanc
601 2485 663 2530 non
680 2465 808 2532 airimue

160 2641 204 2709 Et
218 2638 366 2726 Mycenis
379 2637 460 2702 nihii
475 2635 599 2724 pulchri
615 2636 718 2719 iacies,

158 2730 194 2796 Si
208 2749 261 2794 eat
274 2725 349 2790 viria
362 2721 519 2810 privarit?
555 2723 664 2802 Quare
678 2745 801 2790 mecum
817 2724 987 2790 colnacum
1002 2726 1070 2792 eolo
1095 2735 1159 2794 too

161 2815 308 2904 Pugnam
323 2811 533 2888 committens,
549 2823 603 2874 aut
620 2833 666 2874 ne
679 2833 772 2885 creec,
789 2811 892 2876 abduc
906 2813 1032 2898 rapiens

162 2899 314 2968 Herculia
327 2897 420 2974 tilios,
435 2913 491 2962 ant
507 2895 698 2977 interiectus,
712 2896 791 2962 mihi

163 2989 317 3056 Petemm
330 2984 467 3050 honore·
481 2993 513 3048 et
526 2983 641 3048 domoc
656 2983 771 3048 habere
783 2983 942 3070 permitte.

163 3073 330 3140 Exercitus
343 3091 419 3136 vero
432 3069 572 3147 assentit,
588 3083 620 3136 et
634 3069 675 3135 ad
690 3067 785 3134 finem
801 3071 968 3148 malcrum,

163 3161 205 3228 Et
233 3181 294 3246 pro
314 3155 533 3258 pinguitudine
553 3155 661 3233 animi,
683 3154 836 3241 praeclare
863 3155 979 3222 dictam
1002 3179 1070 3224 ease
1092 3179 1162 3224 ten·

245 3257 392 3310 tenuem.

162 3335 226 3400 Itte
240 3352 316 3398 vero
329 3352 433 3416 neque
446 3329 598 3406 reveritus
612 3351 677 3406 eos,
693 3331 747 3418 qui
763 3331 827 3394 iuer
841 3328 935 3396 verba
947 3329 1124 3410 audierant,

163 3421 277 3506 Neque
290 3417 357 3502 ipae
371 3417 514 3501 quamvis
527 3428 607 3482 earm
620 3416 698 3496 dux,
713 3417 870 3503 ignaviam
886 3437 986 3495 enam,

164 3510 269 3573 Anaua
282 3517 329 3568 eet
342 3500 383 3568 ad
398 3501 486 3568 fortia
501 3503 601 3566 haatm
614 3517 773 3568 certamen
812 3503 919 3588 rupim
933 3503 1058 3569 venire:

162 3593 224 3660 Sed
240 3602 308 3656 erat
322 3588 558 3676 ignarissimus:
581 3588 655 3654 dein
670 3611 742 3654 cum
756 3601 768 3653 t
802 3588 828 3654 ia
842 3601 933 3666 earet,

161 3679 261 3744 Venit
273 3677 306 3742 in
321 3675 502 3740 servitutem
517 3675 701 3740 redacturua
714 3673 830 3739 libero·
845 3673 1005 3740 Herculia.
1099 3685 1164 3742 alo

161 3763 285 3852 Hyllus
298 3762 404 3849 itaque
418 3760 558 3826 disceruit
571 3760 686 3826 iterum
701 3761 734 3826 in
750 3781 840 3826 tunm
852 3761 971 3826 eciem:

161 3852 258 3916 Vates
272 3870 357 3926 vem,
373 3861 539 3934 postquam
554 3845 707 3936 singulari
721 3847 894 3912 certamine

161 3937 279 4004 Pacem
295 3955 360 4000 non
375 3933 444 4000 fieri
459 3947 685 4022 cognorerunt,

162 4021 365 4098 Mmubent,
381 4041 446 4084 non
462 4019 705 4096 cuncubantur,
719 4019 774 4084 sed
788 4017 973 4084 emittebam

161 4109 213 4176 Er
226 4107 369 4174 iaucibua
384 4107 530 4172 humenis
544 4107 649 4172 rtatim
663 4104 796 4172 sanatam
811 4103 940 4170 cmdem.

158 4195 228 4264 atii
243 4207 349 4260 autem
363 4191 618 4259 conecendebant
630 4213 753 4270 currus,
768 4191 821 4257 aiii
837 4193 895 4256 aub
909 4191 1094 4278 clypeorum

160 4281 332 4350 Lateribm
344 4301 402 4346 run
416 4277 514 4344 lutera
529 4279 697 4366 regebmt:
722 4276 963 4344 Athenieruinm
979 4297 1055 4342 vern
1068 4277 1127 4341 rex
