2862 4864
358 259 615 332 IPHIGENIA
639 259 689 330 IN
713 259 896 329 TAURlS.
1106 269 1166 336 ³41

92 457 152 504 uae.
161 437 319 516 Qoaeuem
334 457 409 585 verq
419 431 474 506 eei
497 433 605 512 Quam
620 445 765 503 accurate
783 431 823 502 de
837 433 925 500 rebue
940 431 1077 510 Graeeioe
1091 453 1164 518 per·

245 523 384 588 conteris

95 629 155 674 rra.
167 609 244 677 lude
257 631 326 676 aum
340 632 348 674 r
372 607 475 694 puella
489 607 660 676 etiamnum
676 605 766 692 perii.

93 716 155 760 oen
167 695 262 761 Recte
276 717 353 784 ergo
367 695 456 780 cupis
471 695 551 760 seire
565 715 637 780 quae
651 693 695 758 ibi
708 703 779 760 octo
788 703 867 772 mut,
883 691 1007 760 mulier.

98 801 157 846 reu.
167 783 250 852 Quid
266 805 341 848 vero
354 781 431 858 dux,
447 801 541 868 quem
556 779 670 845 dicunt
684 801 750 844 ease
765 777 916 847 beatum?

94 889 157 932 oue.
166 867 344 946 Quisnam?
378 867 451 932 Non
467 867 552 932 enim
569 868 623 931 ille
636 864 756 942 saltem,
772 887 864 951 quem
879 887 941 954 ego
962 865 1046 944 novi,
1062 873 1106 930 est
1127 885 1166 929 ex

246 977 366 1020 numero
380 953 553 1020 beatorum.

96 1061 154 1106 reu.
164 1043 382 1142 Agamemnon
398 1061 455 1106 rex
471 1039 600 1126 quidem
615 1038 707 1108 Atrei
721 1036 805 1104 lilius
816 1036 988 1107 dicebatur.
1100 1045 1165 1116 630

95 1147 156 1191 oar.
166 1127 252 1192 Nihil
263 1127 346 1192 ecio:
370 1125 483 1192 obtime
497 1123 538 1190 ab
553 1124 614 1190 hoc
628 1145 784 1202 sermone,
801 1123 833 1190 Ο
847 1123 971 1190 mulier.

96 1233 155 1280 reu.
168 1211 374 1300 Nequaquam
388 1233 446 1300 per
459 1211 557 1292 Deos,
572 1211 629 1278 sed
643 1209 705 1288 dic,
721 1225 757 1276 ut
771 1209 943 1291 exhilarer,
958 1209 990 1276 O
1005 1209 1128 1298 hospes.

95 1320 157 1366 our.
169 1299 266 1364 Periit
282 1301 387 1376 miser,
403 1311 435 1364 et
449 1313 602 1382 proeterea
616 1297 753 1383 perdidit
767 1297 958 1398 quempiam.

96 1405 155 1454 tra.
166 1385 314 1450 Mortuus
328 1383 398 1450 est?
414 1407 478 1472 quo
491 1381 581 1450 fato?
598 1383 659 1450 heu
676 1405 725 1449 me
740 1405 885 1450 miserum
900 1381 907 1450 l

97 1493 160 1538 oua
169 1471 234 1538 Cur
247 1495 323 1538 vero
338 1471 516 1562 ingemuisti
528 1481 650 1555 propter
663 1467 750 1535 hoc?
771 1491 848 1537 num
863 1468 904 1534 ad
920 1481 951 1534 te
965 1465 1166 1561 pertinebat?

98 1579 156 1622 rru.
165 1559 307 1646 Deploro
322 1559 460 1644 priorem
475 1557 542 1710 elus
556 1555 727 1624 fortunam.

96 1665 156 1710 ore
167 1645 261 1710 Periit
275 1645 361 1710 enim
375 1645 487 1712 misera
513 1642 605 1719 iliter,
620 1641 801 1711 interfectus
815 1667 835 1708 e
845 1641 986 1710 muliere.

98 1733 194 1796 rrmO
207 1731 345 1797 maxime
360 1729 557 1816 deplorando
571 1751 642 1816 quae
658 1729 740 1796 illurn
754 1727 920 1806 interfecit,
936 1741 968 1794 et
982 1727 1037 1815 qui
1051 1726 1132 1792 obiit
1144 1725 1152 1792 l

96 1837 156 1882 our.
166 1817 283 1884 Desine
297 1819 394 1906 igitur
404 1820 482 1903 jum,
496 1831 528 1882 et
543 1839 584 1880 ne
597 1817 772 1898 interrogea
786 1813 926 1884 ulterius.

96 1923 153 1968 rru.
166 1903 279 1970 Adhuc
294 1917 428 1982 tuntum,
445 1925 484 1970 au
500 1903 577 1970 vivit
591 1900 675 1966 illiue
690 1901 793 1966 miseri
810 1897 954 1992 conjux?
1103 1907 1168 1966 640

96 2009 157 2054 our.
167 1990 239 2056 Non
255 2005 303 2056 eat
316 1991 466 2074 ampliu:
487 1987 580 2067 filius,
597 2011 690 2076 quem
704 1987 815 2074 genuit
830 1989 866 2065 ie,
881 2007 951 2052 eam
966 1985 1112 2072 perdidit.

98 2095 155 2140 rru.
167 2076 198 2142 0
212 2075 342 2142 confusa
355 2075 470 2142 domus
480 2073 499 2156 Ι1
515 2073 604 2151 Quid
616 2096 691 2142 vero
705 2069 836 2141 volem?

96 2181 160 2228 oen
172 2165 216 2228 0⁶
229 2179 354 2249 patrem
368 2175 540 2239 mortuum,
557 2162 657 2246 ipsam
674 2160 839 2228 ulciscens.

97 2267 155 2314 reu.
167 2247 286 2332 (Eheu)
310 2248 418 2326 Quam
433 2247 514 2314 bene
528 2249 648 2314 melum
662 2245 721 2316 Jus
735 2246 869 2332 peregit.

96 2355 159 2400 eeu
170 2335 230 2402 Sed
246 2336 389 2424 quemvis
404 2335 443 2400 ait
452 2335 566 2420 justus,
582 2343 681 2400 tomen
695 2335 782 2398 Deos
795 2331 891 2397 hebet
906 2327 1054 2420 inlenaoa.

97 2440 157 2486 rra.
169 2423 347 2510 Reliquitne
361 2421 449 2487 domi
465 2419 557 2485 ulium
572 2419 711 2489 subolem
729 2421 969 2506 Agamemnon?

96 2527 159 2572 ote.
169 2507 310 2596 Reliquit
327 2507 483 2574 Electrum
500 2507 654 2608 uirginem
671 2507 807 2570 unicam.

98 2614 157 2659 reu.
166 2595 250 2664 Quid
266 2617 351 2670 vero,
367 2607 454 2660 eatue
469 2592 582 2678 aliquia
597 2615 703 2660 sermo
716 2591 757 2656 de
771 2603 907 2659 mactata
921 2587 1010 2654 filia?

96 2699 159 2744 om.
169 2679 283 2746 Nullus
297 2679 388 2757 aliua,
404 2679 464 2746 uiai
477 2701 545 2746 eum
562 2693 720 2748 mortuum
736 2699 800 2745 non
816 2676 931 2742 intueri
949 2675 1063 2742 lucem.

98 2785 156 2832 rru.
169 2765 319 2832 Miserum
334 2765 419 2834 illum
435 2778 603 2850 etpatrem
619 2766 672 2852 qui
690 2763 938 2830 interfeciteam.
1106 2769 1170 2828 660

97 2872 160 2917 ota.
170 2853 268 2918 Malle
282 2853 425 2918 mulieris
438 2853 541 2940 gratia
549 2851 644 2936 periit
658 2852 726 2916 aine
740 2851 851 2938 gretia

99 2959 159 3004 reu.
173 2937 331 3006 luterleoti
347 2961 422 3004 vero
437 2939 535 3024 patria
549 2937 633 3002 filiua
646 2955 735 3002 estne
750 2934 870 3024 Argia?

97 3045 159 3088 οιι
171 3025 226 3091 llle
242 3039 299 3102 eat,
315 3026 421 3103 miser,
435 3023 545 3090 nullibi
560 3037 592 3088 et
608 3023 733 3110 ubique.

99 3130 158 3176 rra.
170 3111 260 3178 Falsa
275 3115 407 3189 romnie,
422 3109 532 3186 valete,
548 3109 628 3176 nilril
643 3111 726 3174 enim
742 3108 828 3176 estis.

99 3217 163 3262 οιι
174 3199 239 3264 Nee
254 3199 351 3284 genii,
367 3199 421 3284 qui
438 3212 592 3262 vocentur
606 3196 772 3281 sapientes,

172 3283 282 3350 Minue
297 3298 372 3348 aunt
388 3283 554 3348 mendaces
566 3281 686 3346 levibus
701 3281 836 3346 somniis„

171 3369 206 3436 M
250 3393 292 3436 ua
306 3369 450 3435 confusio
465 3384 511 3435 eat
527 3369 558 3432 in
575 3367 668 3434 rebus
682 3367 797 3434 divinia

171 3395 393 3522 uelamenta:
419 3477 483 3524 una
496 3467 600 3524 autem
616 3457 649 3519 in
667 3477 701 3520 re
716 3475 812 3518 eausa
826 3450 920 3526 cudit,

171 3541 266 3620 Quod
282 3564 348 3606 non
364 3541 478 3609 atultua
493 3543 641 3618 existens,
658 3553 765 3609 ratum
779 3537 884 3604 verbis
899 3535 1064 3614 adduntur,

174 3627 315 3705 Perierit,
328 3651 393 3715 quo
403 3627 500 3696 modo
513 3627 608 3714 periit
622 3625 824 3693 couscientia.
1108 3629 1173 3691 660

105 3731 167 3778 tuo.
180 3713 263 3796 lieu,
278 3713 340 3782 heu
354 3713 361 3780 l
386 3714 463 3800 quid
478 3735 552 3780 vero
566 3735 634 3790 noa,
646 3727 678 3780 et
688 3713 788 3778 nostri
804 3706 977 3798 parentes?

177 3800 258 3864 Num
274 3797 372 3866 sunt?
394 3823 433 3866 an
449 3822 513 3866 uon
526 3799 625 3866 eunt?
647 3801 716 3886 quie
730 3811 824 3886 quent
838 3797 967 3862 dicere?

108 3901 166 3948 tre.
178 3887 300 3952 Audite.
344 3887 417 3956 lam
433 3888 517 3954 euim
533 3889 563 3950 in
580 3887 740 3972 quoddam
756 3885 849 3950 uenio
862 3879 1041 3962 eonsilium,

179 3971 270 4038 vobis
285 3971 463 4052 utilitatem,
480 3972 513 4038 Ο
528 3973 676 4058 hoapitea,
691 3971 846 4038 medituua
862 3967 958 4033 simul

183 4055 220 4121 Et
234 4059 326 4124 milri:
350 4057 523 4126 benetune
538 4059 674 4124 maxime
689 4081 722 4123 ae
737 4057 843 4134 habet,

183 4141 313 4218 Quando
328 4147 476 4212 omnibus
490 4145 601 4212 eadem
615 4167 665 4210 rea
680 4143 845 4230 placuerit.
1069 4223 1076 4236 ·

183 4226 311 4312 Velime,
325 4233 353 4296 ai
367 4247 400 4298 te
413 4253 588 4310 servavero,
605 4233 757 4298 nunciare
771 4225 903 4316 aliquid,
918 4249 981 4292 meo
995 4245 1123 4301 nomem,

187 4313 279 4398 Argo·
293 4317 464 4404 prosector,
478 4319 557 4386 meir
571 4317 681 4384 amicis
697 4319 762 4384 illic
777 4315 959 4402 degentibus,

608 4425 625 4467 z
640 4413 660 4471 8
923 4441 929 4458 ·
