2794 4862
261 194 324 270 soe

637 185 965 256 EURIPIDIS

347 355 517 423 Mulierem
531 356 749 446 alienigenam,
765 381 860 446 quern
875 383 935 448 ego
949 375 981 429 et
995 375 1126 432 matrem

345 443 389 509 Et
403 455 524 529 putrent
538 465 643 510 meunt
652 446 736 531 juste
752 447 848 530 solum
863 448 1067 515 existimarim
1082 475 1153 518 esee.

345 529 445 618 Atqui
459 529 645 596 decertusses
660 533 720 597 Itoo
734 534 893 682 egreqium
905 547 1073 616 oertsmen,

347 617 382 683 si
396 628 538 700 mortuus
552 639 632 682 esses
647 640 706 703 pro
720 628 775 684 tuo
789 617 811 684 Ii
826 620 867 698 io,
883 619 977 685 breve
990 625 1074 687 eninr
1089 623 1146 688 tibi

345 701 488 768 Omnino
502 703 657 790 reliquum
672 717 739 770 eret
752 717 876 791 ternpus
890 707 963 772 vitre
977 729 1175 786 oonoessnmt

345 787 390 853 Et
403 811 463 878 ego
477 791 621 856 vixissem
635 802 668 856 et
681 792 743 856 isto
756 790 907 878 reliquom
922 807 1058 872 aetatem,

345 874 414 940 Neo
427 877 523 944 orbus
536 899 630 942 unere
642 899 800 962 gemerem
816 901 885 944 mee
898 879 992 944 mele.
1260 883 1305 946 tto

346 963 445 1048 Atqui
460 963 577 1044 omnis,
592 985 662 1048 quoe
676 963 744 1028 viro
759 964 851 1029 besto
865 965 1048 1066 contingere
1060 979 1198 1052 possunt,

235 1079 239 1084 ·
345 1047 470 1114 Potitus
484 1073 536 1116 ese
550 1050 747 1135 juventutem
762 1050 890 1135 quidem
904 1053 994 1138 egistt
1008 1051 1041 1116 iu
1054 1075 1163 1153 regno,

345 1133 389 1199 Et
402 1158 463 1222 ego
477 1157 563 1201 erent
579 1136 636 1202 tibi
651 1135 734 1200 iilius
749 1134 850 1200 haeres
865 1135 958 1222 hujus
973 1159 1072 1226 regor,

346 1219 457 1308 Itaque
471 1244 534 1286 non
551 1223 687 1288 moriens
701 1222 768 1287 sine
781 1221 897 1298 liberis,
913 1222 981 1306 eliis
996 1226 1078 1290 hene
1092 1225 1215 1290 domum

348 1305 528 1373 Relictnrus
542 1330 611 1375 erne
625 1307 734 1386 orbern
750 1307 972 1392 dirIpiendem.

347 1391 447 1458 Hand
462 1406 566 1458 temen
577 1393 682 1460 dicere
696 1395 824 1478 poteris,
836 1397 919 1480 qnod
931 1417 982 1460 me
996 1395 1082 1462 velut
1091 1405 1311 1482 contemptorem

431 1491 494 1544 tnae

345 1564 485 1630 senectae
501 1567 595 1630 morti
610 1567 797 1653 prodideris,
811 1568 865 1654 qui
879 1591 992 1654 nempe
1005 1569 1282 1635 observantissimus

345 1649 410 1716 Tui
424 1674 546 1738 semper
559 1652 681 1733 firerirn,
697 1668 728 1719 et
742 1675 802 1738 pro
818 1655 864 1718 irie
878 1655 956 1718 mihi
969 1659 1105 1742 gretiam

345 1737 456 1802 'Falern
471 1756 503 1804 et
517 1751 551 1804 tu
566 1753 597 1806 et
609 1753 708 1806 meter
725 1739 801 1806 mihi
817 1741 976 1806 retulistis.

347 1821 411 1888 Fec
424 1824 523 1912 igitur
537 1829 615 1892 alios
629 1827 745 1892 liberos
758 1849 853 1912 quern
867 1828 1016 1914 ooyesime
1030 1849 1184 1913 procrees,
1265 1829 1314 1890 680

346 1909 412 1986 Qui
418 1925 458 2003 'te
472 1935 577 1978 senem
592 1913 688 1992 olent,
704 1927 736 1979 et
750 1927 911 1978 mortuum
926 1926 957 1978 te

344 1993 479 2074 Ornent,
494 2010 527 2062 et
539 1999 571 2062 in
587 1999 715 2084 publico
729 2009 871 2064 statuent
884 1999 1026 2064 cadaver.

345 2080 421 2159 Non
436 2083 520 2148 enirn
534 2105 594 2184 ego
609 2097 639 2148 te
653 2083 713 2148 heo
729 2105 799 2150 men
812 2107 907 2150 menn
923 2084 1085 2169 sepeliam:

345 2165 495 2317 Mortqus
514 2189 598 2234 enrtn
621 2192 689 2235 sunt
711 2184 865 2258 quantum
887 2171 920 2234 in
942 2183 974 2253 te
994 2179 1053 2235 ‘este
1076 2170 1103 2234 si
1124 2191 1208 2248 vero,
1227 2177 1315 2233 esen

429 2277 449 2318 e
460 2276 526 2320 turn

346 2331 542 2406 Serveturem
558 2340 659 2408 lueetn
674 2343 801 2426 aspicio,
816 2341 993 2428 hujuedIco
1234 2423 1237 2430 y

344 2426 389 2490 Et
402 2425 502 2491 filium
517 2449 568 2492 rne
581 2451 647 2494 esse
661 2442 693 2493 et
707 2427 836 2494 cherum
851 2429 1017 2496 senectutis
1030 2442 1217 2498 curatorem.

345 2511 475 2577 Frustra
483 2514 580 2601 igitur
593 2537 680 2580 senes
694 2527 807 2600 optent
820 2515 911 2593 mori,

344 2597 567 2684 Vituperuntes
581 2613 747 2677 senectam,
762 2613 794 2666 et
807 2599 937 2689 longum
951 2600 1023 2666 vitoe
1037 2612 1172 2688 tempus.

345 2683 477 2750 sienim
491 2708 589 2772 prope
604 2687 708 2754 veniet
723 2686 824 2765 Mors,
840 2709 934 2752 nemo
948 2687 1015 2752 vult

344 2769 443 2850 Mori,
459 2787 598 2838 senectus
612 2795 686 2838 vero
700 2795 764 2838 non
779 2775 914 2858 emplius
927 2788 973 2838 est
987 2772 1061 2858 ipsis
1074 2774 1189 2861 grevir.
1268 2775 1320 2836 69⁰

257 2879 333 2924 cuo.
340 2857 500 2924 Desinite:
522 2861 595 2926 sotis
608 2862 692 2924 enirn
706 2872 753 2926 est
765 2881 905 2944 proesens
919 2859 1090 2937 calamites,

344 2943 377 3009 0
388 2944 450 3008 fili:
472 2948 571 3032 petris
586 2968 660 3012 vero
674 2968 715 3010 ne
728 2966 894 3030 exasperes
908 2957 1057 3010 mentem.

158 3083 164 3094 .
196 3067 200 3078 ι
258 3029 375 3095 retnO
388 3029 445 3110 fiii,
460 3054 554 3118 qnetn
569 3047 603 3098 tu
617 3033 774 3120 glorieris,
789 3042 895 3096 utrum
911 3029 1049 3117 Lydum,
1065 3051 1107 3096 etr
1124 3027 1286 3118 Phrygem,

343 3115 712 3202 Pecunia-oomperetnm
726 3139 841 3182 sonum
850 3129 939 3182 tuum
952 3127 982 3182 te
995 3115 1145 3198 conviciis
1159 3107 1323 3205 exegittrei

342 3203 396 3268 An
411 3204 511 3270 nescis
525 3225 576 3268 me
589 3225 653 3270 esse
665 3202 854 3269 Thessalum
867 3224 969 3289 exque
984 3201 1139 3268 Thessalo

344 3287 440 3354 Putre
452 3301 574 3370 netum,
589 3312 661 3356 vere
674 3287 831 3356 liberum?

342 3373 446 3441 Nimis
460 3397 511 3442 me
525 3376 748 3442 contumeliose
762 3388 887 3452 tractes,
903 3388 934 3441 et
942 3373 1097 3462 juveniles
1110 3394 1266 3442 sermones

341 3461 467 3528 JecIene
480 3462 513 3526 in
527 3485 585 3529 nos
600 3483 665 3528 ιιοιι
679 3463 725 3528 ite
738 3460 838 3527 abibis
848 3461 981 3547 jaciens.

343 3547 415 3636 Ego
429 3549 513 3613 enim
528 3563 560 3614 te
573 3571 646 3614 meoe
659 3549 771 3614 domus
785 3547 948 3612 domiuum
954 3545 1093 3628 sntuntnt
1103 3546 1212 3633 genui,

293 3667 299 3679 ·
340 3634 385 3700 Et
398 3635 529 3700 educavi
544 3647 578 3700 ut
586 3637 740 3722 juvarem,
757 3655 821 3699 non
837 3647 872 3698 nt
885 3654 945 3718 pro
958 3646 990 3698 te
1003 3653 1160 3698 morerer:
1272 3633 1326 3698 70⁰

342 3721 416 3787 Non
431 3721 516 3788 enirn
531 3719 618 3788 hune
630 3733 795 3808 paternum
810 3741 929 3784 morem
944 3717 1062 3802 ennepi,

344 3807 390 3874 Ut
410 3821 555 3894 parentes
577 3820 773 3873 morerentur
796 3827 857 3891 pro
877 3804 995 3883 liberis,
1017 3823 1120 3888 neque
1142 3802 1264 3868 Graeoit
1284 3821 1327 3866 te·

341 3977 418 4043 Tibi
425 3905 519 4045 iiiiii
523 3915 589 4066 ilpei
603 3979 667 4046 sive
681 3979 722 4042 sis
735 3975 956 4055 infortunatus,
972 3977 1037 4042 sive
1050 3973 1239 4054 forttmutus,

341 4063 443 4129 Notus
463 4089 515 4130 es:
537 4089 609 4154 qnoe
623 4087 698 4130 vero
723 4086 741 4128 n
765 4063 854 4128 nobis
879 4061 1044 4149 oportebat
1065 4074 1096 4128 te
1119 4059 1245 4139 trabere,
1264 4057 1331 4124 hec

340 4150 579 4322 Impeiiiieiiim
593 4235 711 4312 multis,
726 4247 759 4300 et
772 4235 944 4302 multorum
955 4234 1104 4322 jugerum
1119 4255 1195 4300 erte
1209 4231 1265 4299 tibi
