2862 4864
351 227 605 297 lPHlGENlA
627 227 678 294 IN
703 227 894 295 AULlDE.
1100 241 1163 300 809

162 405 323 483 monos,
331 403 562 491 Martemquod
571 405 839 480 muneriameieat,
846 401 968 470 ornabo
977 405 1162 493 pugnando.

160 493 209 559 Tc
224 513 310 570 vero,
327 491 359 556 Ο
373 513 464 576 peasa
477 489 657 554 miseranda
671 513 690 554 a
704 490 902 568 charissimis,

159 579 328 656 Quantum
342 576 471 664 quidem
486 597 506 640 a
519 576 589 640 viro
597 577 715 662 juvate
728 579 872 663 prmatari
885 587 999 661 potent,

161 664 302 731 Tantum
315 663 451 728 induem
466 663 511 727 tui
520 662 836 736 commiserationem,
854 671 882 726 te
893 677 1070 750 protegam,
1104 704 1106 712 ,

162 749 204 817 Et
218 771 383 836 nunquam
395 747 586 814 mactabitur
599 770 619 812 a
632 761 723 833 patre
736 761 790 814 tuc
804 747 880 825 filia,

161 837 244 914 Qum
259 857 331 900 mea
345 834 431 900 dicta
444 849 509 900 eut:
532 856 596 898 non
611 835 696 900 euim
711 833 751 898 ad
764 832 891 900 fraudes
907 833 1074 900 nectendus

162 923 345 988 Concedam
357 943 418 1010 ego
431 935 488 986 tuo
503 921 617 986 marito
631 941 731 984 meam
746 923 924 1006 personam.

161 1009 285 1075 Nomen
300 1007 386 1072 enim
401 1028 516 1084 meum,
531 1006 626 1072 etiam
641 1006 666 1069 ai
682 1027 746 1070 uon
761 1006 885 1072 sustulit
899 1006 1028 1084 ferrum,

162 1095 334 1162 interficiet
348 1111 433 1158 tuam
449 1092 566 1158 liliam:
589 1114 681 1158 ccum
696 1105 799 1158 autem
815 1103 861 1157 eet

162 1181 298 1248 Maritus
307 1194 390 1244 tuus.
420 1177 533 1244 Meum
545 1201 620 1244 vero
631 1180 1158 1264 corpuunonampliuaeatpurum,

162 1269 195 1334 si
211 1281 342 1351 propter
357 1287 408 1330 me
420 1279 452 1330 et
466 1277 596 1350 propter
611 1286 696 1330 meaa
709 1265 835 1352 nuptias
850 1279 957 1350 pereat
1096 1273 1155 1332 9³1

161 1353 260 1454 Virgo
275 1375 349 1440 quoe
364 1352 483 1416 atrocia
497 1365 529 1416 ct
542 1371 608 1414 non
623 1349 753 1416 ferenda
766 1353 849 1428 tulit,

162 1439 255 1506 Mina
268 1453 301 1504 ct
314 1437 381 1502 indi
426 1438 453 1502 ie
466 1437 570 1502 modia
583 1438 773 1502 contumelia
786 1436 907 1502 affecta.

163 1525 883 1700 &illuminatum
892 1544 1083 1674 tntillum
1100 1629 1158 1674 n.

243 1719 333 1762 mero
346 1697 513 1777 haunein,

163 1783 400 1868 nonunquam
416 1781 513 1848 Peleo
526 1795 630 1862 natue,
646 1782 700 1848 eod
716 1805 755 1848 cx
770 1782 854 1849 malo
868 1783 973 1870 genio,

163 1869 324 1957 Siquidem
338 1891 443 1934 metm
457 1889 572 1934 nomen
583 1868 784 1954 juvenculam
800 1868 856 1934 tibi
871 1878 1008 1933 necaret.
1114 1884 1120 1899 ·

163 1957 233 2022 Non
248 1977 306 2042 pec
320 1953 486 2020 educatum
503 1955 534 2018 in
549 1955 688 2020 humidis
702 1955 849 2020 fluctibus

163 2041 309 2118 Nectum,
325 2055 449 2127 patrem
464 2039 619 2118 Thetidis,
635 2063 708 2128 quce
722 2063 773 2106 me
786 2041 918 2126 peperit,

163 2129 233 2193 Non
250 2141 360 2216 tanget
374 2141 460 2192 tuam
475 2127 574 2192 filiam
587 2148 645 2192 rex
663 2131 688 2190 Α
735 2148 894 2204 memnon,
1093 2131 1158 2191 940

160 2213 210 2281 Ne
222 2237 346 2280 summu
359 2212 487 2298 quidem
504 2235 611 2294 manu,
626 2225 661 2277 ut
716 2226 839 2278 moveat
853 2213 915 2298 qn
928 2209 1029 2297 peplin
1043 2231 1130 2276 eam:

161 2301 212 2368 So
224 2303 332 2380 nimo,
349 2299 477 2386 Sipulua
491 2299 551 2364 crit
564 2313 688 2383 potens,
707 2299 918 2366 Barbaromm
933 2297 1030 2376 vicus,

162 2385 253 2454 Unde
268 2385 402 2452 trahunt
414 2384 559 2471 proeclcri
573 2384 618 2449 illi
634 2385 742 2450 Duces
778 2408 856 2451 enne
869 2407 973 2463 uuum,

163 2472 287 2540 Phthio
301 2487 406 2538 autem
422 2493 537 2537 nomeu
551 2471 662 2537 nullibi
677 2409 924 2538 hominumue

160 2563 293 2626 dmum
305 2571 413 2624 autum
429 2557 529 2624 moles
543 2557 647 2635 mlada,
662 2571 694 2622 et
709 2557 832 2624 lavacra
846 2555 1042 2623 consecrabit

159 2645 294 2712 Calchas
307 2659 409 2710 natea:
432 2645 503 2729 quia
515 2645 601 2710 enim
616 2659 662 2708 eat
676 2643 786 2709 vates?
807 2645 864 2720 vir,

162 2731 193 2798 la
227 2736 259 2798 ui
275 2753 377 2818 pauca
391 2751 474 2806 vera,
491 2731 590 2796 multa
605 2751 679 2794 vcro
693 2728 780 2811 falsa,
796 2730 873 2795 dicit

159 2757 289 2886 Silone
303 2819 349 2882 cic
362 2814 526 2882 ceciderit:
549 2815 599 2880 ain
613 2816 729 2898 minna,
743 2816 936 2902 exploditur.

159 2907 207 2970 dn
222 2903 362 2992 conjugii
376 2925 472 2968 cauca
484 2913 644 2968 sexcentae
658 2901 772 2987 puellae

159 2989 276 3057 Petunt
286 3011 373 3056 meaa
388 2989 530 3073 nuptiae:
553 2988 673 3054 dicmm
688 3003 737 3054 est
750 2989 820 3052 hoc
1092 2993 1157 3052 utu

158 3077 222 3144 Sed
236 3099 295 3142 rex
310 3077 532 3164 Agamemnon
548 3073 652 3140 affecit
667 3097 725 3139 noc
739 3071 942 3139 contumelia.

157 3163 337 3250 Oportebat
350 3163 435 3226 enim
449 3162 552 3246 ipaum
568 3183 586 3223 a
600 3182 651 3225 me
664 3174 771 3246 petam
785 3181 902 3226 nomeu
918 3177 1038 3223 meum·

157 3250 210 3316 Ad
223 3263 390 3336 capturam
407 3245 498 3313 lilia:
522 3247 766 3334 Clytaemnestra
779 3247 863 3312 enim
879 3244 955 3308 mihi

159 3335 321 3402 facillime
334 3355 484 3420 peronam
495 3333 607 3398 linisset
620 3333 714 3398 lilium
731 3345 767 3398 ut
781 3333 916 3398 eluceret
932 3329 1044 3394 marito

158 3425 205 3488 Ac
217 3421 374 3488 dedimam
389 3441 458 3484 eam
475 3419 609 3496 Gcaecia,
625 3420 650 3483 ai
665 3419 705 3484 od
722 3419 818 3484 llium

157 3507 193 3574 ln
210 3509 271 3574 boc
282 3507 455 3572 laborasset
469 3503 635 3592 trajectus:
658 3527 722 3570 non
738 3525 964 3570 recmaaaemuc

155 3597 281 3684 dugere
293 3591 458 3679 publicum
475 3595 605 3668 bouum,
621 3613 720 3656 conum
734 3591 919 3678 quibuscum
935 3587 1047 3653 milito.

155 3680 251 3746 Nunc
265 3701 342 3746 vero
354 3679 446 3744 nihili
460 3699 528 3744 aum
544 3677 630 3764 apud
645 3678 764 3756 Duco,

156 3767 338 3854 Parumque
359 3763 475 3830 referre
496 3777 618 3850 putant,
636 3777 742 3829 utrum
765 3761 845 3828 bene
866 3782 989 3826 mecum
1011 3779 1052 3822 an
1074 3756 1157 3822 male

236 3869 344 3940 agunt.

154 3937 248 4004 Euda
264 3937 434 4003 hiemum
450 3937 536 4014 sciet,
553 3957 658 4036 quem,
673 3937 855 4022 priusquam
871 3934 910 3998 ad
927 3931 1058 3997 Troiam
1090 3937 1156 3996 960

151 4025 332 4102 perventu,
347 4023 444 4089 cmdia
458 4023 588 4090 maculis
602 4025 755 4110 unguine
769 4020 920 4106 polluam,

154 4111 188 4176 Si
202 4111 319 4198 aliquia
332 4109 411 4174 mihi
425 4122 512 4175 tuam
528 4109 625 4174 liliam
640 4109 764 4194 eripiet.

153 4197 214 4262 Sed
230 4199 276 4262 aia
289 4197 412 4284 quieta:
435 4197 567 4284 egotibi
582 4196 715 4281 apparui
733 4195 817 4258 Deus
899 4253 907 4260 .

152 4281 332 4362 Maximus,
347 4303 420 4348 cum
436 4305 499 4348 non
516 4282 592 4346 sint:
615 4280 669 4346 aed
686 4297 789 4344 tomen
804 4299 868 4342 ero.

585 4389 607 4432 x
624 4377 643 4432 3
