2882 4858
640 171 972 242 EURIPIDIS

354 353 568 504 Quamobrepr
591 353 659 438 jam
690 351 753 416 Dei
781 353 907 416 numen.
926 362 960 415 et
989 349 1088 444 patrie
1113 351 1162 416 tari
1183 351 1346 444 religione·

396 475 398 482 ·
440 459 527 507 oonar
549 461 617 514 ara,

356 527 474 591 Utrum
490 524 580 589 Deua
593 538 626 588 er
640 523 693 588 illa
707 535 861 603 umrtuua,
876 545 925 604 aa,
941 545 1015 610 quae
1027 537 1102 590 aunt
1116 523 1263 603 aliorum,

355 612 472 687 Velim,
487 634 527 674 an
544 632 608 675 non
623 608 722 674 velint
736 608 878 674 reddere.

357 697 512 786 Equidem
539 697 675 764 arbitror
699 699 879 760 redditurus.
925 695 1025 760 Haud
1049 698 1148 783 igitur
1172 708 1295 783 oportet
1321 709 1347 760 te

439 782 528 851 fratri
542 794 595 848 tuo
608 783 679 867 plua

355 869 512 934 Tribuere
526 869 631 946 stulto,
648 869 753 954 potina
767 888 863 953 quam
878 868 963 930 botro
977 869 1073 953 patri.

356 957 391 1022 Si
405 978 489 1032 vero,
505 969 591 1020 natea
602 955 739 1019 exiateoa
748 967 779 1018 at
793 973 893 1018 rerum
903 953 1084 1020 divinarum
1099 955 1262 1039 interpres,

354 1042 514 1108 Juetitiam
528 1041 655 1128 quidam
669 1039 976 1126 patrisaorrumpaa,
1290 1045 1347 1105 990

358 1128 448 1193 HuIc
462 1149 537 1192 vero
550 1149 614 1192 non
625 1125 713 1212 juato
727 1125 816 1190 fratri
831 1136 883 1190 tuo
896 1125 1132 1213 gratifloaberia,

356 1215 467 1300 Turpe
472 1212 584 1296 suerit,
600 1225 632 1278 te
645 1212 752 1278 omnia
767 1210 895 1298 quidem
908 1211 1017 1277 diviua
1031 1230 1231 1300 uognaaoere,

358 1299 401 1365 Et
414 1322 450 1365 ea
465 1320 537 1386 quae
551 1313 624 1364 suut
633 1313 670 1364 et
683 1320 756 1384 qum
771 1319 835 1374 non
848 1309 928 1374 ram,
939 1300 1025 1384 juata
1033 1319 1114 1362 nero
1126 1299 1257 1364 ueaoire.

358 1387 414 1450 Me
428 1407 503 1450 vero
518 1386 675 1462 miseram,
687 1407 730 1449 ru
743 1383 833 1448 malie
846 1381 878 1447 iu
895 1383 1009 1470 quibua
1019 1401 1135 1461 versor,

358 1471 482 1549 Libera,
499 1471 559 1536 hoo
572 1472 702 1558 negotio
716 1472 925 1535 acessionem
939 1471 1037 1535 denar

360 1558 474 1622 Nullus
488 1558 572 1622 euim
588 1556 769 1622 mortalium
781 1567 827 1620 ert
840 1557 895 1644 qui
909 1577 974 1621 aon
989 1557 1092 1622 oderit
1107 1555 1280 1631 Helorum

358 1643 443 1720 Quae
459 1645 490 1708 in
507 1644 634 1708 Graecia
649 1643 736 1708 dieor
749 1641 887 1729 prodeaa
901 1663 1007 1708 meum

361 1729 524 1808 Maritum,
540 1729 696 1794 habitarae
709 1730 743 1792 irr
756 1728 916 1815 opulentia
927 1727 1049 1794 adibus
1066 1728 1239 1816 Phrygum.

359 1815 454 1893 Quod
470 1817 494 1880 si
511 1819 545 1880 ia
560 1816 719 1881 Graeciam
731 1835 848 1880 venero
861 1830 894 1880 et
908 1815 1031 1884 rediero
1048 1816 1206 1902 Spartam,

359 1901 543 1984 nutriente,
557 1913 586 1966 et
599 1901 750 1980 noenta,
765 1899 852 1991 quod
864 1901 927 1984 a'pn'
938 1899 1069 1968 dearum
1084 1900 1167 1966 dolia
1289 1909 1346 1966 930

359 1986 526 2065 Perieriut,
541 2011 602 2076 ego
617 2009 692 2052 vero
706 2009 771 2052 non
786 1987 898 2053 luerim
913 1987 1071 2072 proditrix
1085 1987 1269 2070 aminarum,

361 2073 510 2139 Referent
525 2097 574 2138 mo
589 2076 700 2140 iterum
715 2073 747 2136 in
763 2095 871 2159 parem
886 2075 1052 2158 pudicitiae
1066 2073 1205 2152 laudern,

359 2160 402 2224 Et
415 2159 555 2226 dotatam
570 2160 701 2226 elocabo
714 2158 823 2238 filiam,
839 2179 933 2246 quam
950 2159 1055 2224 nullm
1068 2181 1146 2224 amre
1158 2160 1261 2238 duoet,

362 2244 405 2310 Et
419 2245 598 2332 relinquens
612 2245 695 2310 hano
710 2246 853 2316 marham
868 2247 1059 2319 errationem
1070 2245 1132 2323 hic,

363 2331 466 2396 Fruar
478 2333 603 2416 opibus,
617 2355 695 2433 quaa
709 2332 920 2397 domnanae.
1022 2337 1029 2352 ‘

360 2417 405 2482 Et
418 2418 443 2480 si
457 2417 584 2504 quIderu
601 2417 653 2482 hro
667 2431 810 2483 mortuua
822 2419 857 2481 iu
869 2438 950 2503 pyra
962 2419 1155 2503 oompoairua
1170 2417 1283 2496 suimet,

361 2503 526 2590 Lacrymis
541 2525 748 2590 prosequerer
757 2527 831 2569 eum
845 2504 956 2588 procul
968 2505 1146 2582 abaentem3

362 2589 457 2654 Nunc
472 2612 547 2653 vero
562 2589 720 2674 spoliabor
735 2591 807 2656 alvo
820 2605 852 2654 et
866 2589 962 2656 saluo.

363 2675 415 2740 Ne
429 2675 535 2763 igitur,
552 2677 584 2740 Ο
598 2676 698 2770 virgo,
706 2675 821 2758 surina,
837 2675 890 2741 aerl
905 2676 966 2740 lroc
980 2689 1012 2742 te
1025 2675 1160 2762 supplex
1174 2696 1271 2764 rogo:

362 2761 483 2827 Tribue
498 2761 574 2826 mihi
590 2761 777 2827 beneficium
792 2762 864 2840 hoe,
878 2774 911 2828 et
924 2763 1046 2828 imitare
1059 2785 1164 2828 morea
1293 2769 1347 2828 940

274 2881 279 2916 :
360 2847 444 2916 Juati
458 2847 574 2933 patriar
597 2847 667 2912 haeo
680 2849 765 2913 enlm
780 2848 885 2914 liberis
899 2860 944 2913 eat
957 2848 1059 2936 gloria

362 2933 588 3012 PulcherrIma,
604 2936 784 3022 quiouuqua
797 2956 839 2998 ex
853 2936 938 2999 bono
953 2949 1042 3019 patre
1055 2937 1123 3000 nati

364 3019 499 3084 Eaedem
515 3041 618 3085 morea
631 3020 747 3086 habent
763 3041 842 3106 quoa
856 3035 1011 3105 parentes.

274 3105 404 3172 'mani
483 3107 610 3192 quidem
625 3119 701 3171 sunt
712 3108 984 3172 commiseratione
997 3129 1069 3194 quoe
1078 3109 1146 3194 jam
1162 3107 1276 3182 dixisti,

363 3192 388 3257 S
443 3207 474 3256 et
488 3207 522 3256 tu
534 3215 660 3278 quoque
675 3193 869 3260 miserabilia.
914 3193 1071 3258 Deridero
1085 3209 1193 3260 tamen
1209 3189 1335 3258 Menelai

364 3277 549 3343 Sermonem
564 3279 684 3357 audire,
701 3299 793 3363 quem
807 3280 953 3346 dioturua
966 3295 1013 3344 est
1026 3281 1068 3343 da
1081 3281 1154 3344 vita.

277 3363 1210 3543 ”⁸⁸illailltlligtlwllsslnlfiili?n
1230 3449 1347 3536 nnn

363 3550 711 3701 Valdffiemmmm‚
726 3625 753 3688 ai
767 3624 896 3689 timidus
910 3645 1016 3689 emera.

362 3705 556 3794 Quanquam
569 3708 692 3786 dicunt,
708 3710 793 3798 quod
809 3711 848 3775 air
904 3712 1004 3775 nerosi
1020 3711 1091 3786 riri,
1294 3711 1349 3774 95⁰

362 3791 403 3856 In
418 3793 555 3859 adversis
571 3795 665 3860 rebus
680 3799 867 3880 lacrymare
903 3795 1003 3862 oculis
1016 3798 1172 3862 emittere.

365 3878 428 3943 Sed
443 3880 639 3982 neqnaquam
657 3883 718 3946 boe
732 3882 909 3960 hunoarum,
925 3885 1016 3948 marla
1031 3885 1092 3947 iruo
1105 3881 1269 3948 honesturn
1284 3878 1327 3954 sit,

363 3963 495 4114 Quor,
511 3985 616 4053 porrus
651 3989 724 4032 uam
739 3968 967 4035 fortitudinem.

441 4052 595 4137 siquidem
609 3990 667 4119 tiii
682 4054 806 4132 videtur
821 4057 921 4120 virum
935 4053 1139 4142 peregrlnum
1153 4075 1284 4128 serrare,

363 4133 407 4200 Et
421 4140 474 4222 qui
488 4140 604 4225 quaerit
613 4143 699 4225 juste
713 4142 853 4228 racipere
867 4163 955 4206 auam
970 4161 1117 4218 uxorem,

365 4221 475 4288 Redde
488 4239 520 4288 et
536 4227 663 4310 insuper
677 4248 765 4292 serva
780 4249 847 4294 nor:
870 4231 986 4294 sivero
999 4247 1064 4294 non
1081 4227 1214 4304 ridetur,
