2854 4866
455 201 800 276 SUPt‘LlcEs.
1111 215 1175 274 ers

170 379 296 446 Tamen
311 401 436 444 necesso
451 391 494 445 est
508 382 616 446 cedere
630 405 709 446 meae
725 383 905 448 calamitati.

170 471 266 532 Serre
283 479 427 532 mortuos
441 488 536 544 meos,
552 483 583 532 et
600 469 750 534 miserens
765 492 834 534 rnen
847 467 930 534 mala

170 553 210 618 Et
224 552 283 618 hus
299 566 415 617 matres
429 567 626 618 mortuorum
642 554 792 632 liliorum,

169 639 296 716 Quibus
310 655 454 704 senectus
468 661 546 704 canu
559 641 600 704 ad
615 642 781 706 orbitatem
798 640 950 724 pervenit,

171 726 396 790 Sustinrrerunt
410 739 513 790 nutem
527 727 634 790 uenire
650 729 710 792 lruc
724 741 756 791 et
792 729 971 816 eregrinum
987 723 1098 810 pedem
1113 731 1172 790 170

173 811 306 888 Ponere,
323 811 377 875 vix
394 825 552 876 moventes
567 813 676 877 senilia
692 749 842 890 momina,

168 897 338 984 Tanquam
354 897 476 983 legate,
492 919 555 963 non
571 899 611 964 od
629 899 754 964 Cereris
769 899 926 984 mysteria,

171 983 230 1048 Sed
249 997 285 1048 ut
299 999 442 1049 mortuos
456 983 619 1068 sepelient,
634 985 678 1050 sic
693 1000 728 1050 ut
742 987 825 1071 ipsus
839 987 978 1071 oportuit

172 1071 290 1136 eorum
302 1070 441 1156 sepultus
454 1071 600 1136 munibus
609 1073 696 1158 juste
709 1073 869 1159 consequi.

169 1156 302 1242 Sapiens
316 1171 421 1222 nutem
436 1169 492 1232 eet,
508 1155 637 1222 divitem
652 1159 791 1242 aspicere
805 1171 1033 1245 puupertntem,

173 1243 346 1328 Peuperem
362 1265 438 1308 voro
452 1243 605 1328 respicere
619 1243 658 1308 ed
674 1243 797 1322 divites,

171 1327 350 1394 inritantem
366 1351 424 1407 eor,
441 1343 475 1394 ut
490 1341 518 1393 et
532 1330 633 1416 ipsum
649 1329 838 1420 frugalitatis
852 1353 941 1396 umor
955 1330 1068 1416 cupiat,

171 1415 211 1480 Et
225 1415 406 1480 fortunatos
420 1415 598 1482 miserande
612 1417 783 1502 respicere:

173 1501 213 1566 Et
229 1501 376 1580 Poetam,
387 1501 413 1566 si
428 1523 536 1568 versus
552 1503 617 1602 ipse
631 1504 743 1588 pariat,

169 1587 369 1654 Gendentem
384 1609 512 1672 perere:
537 1590 596 1654 ursi
610 1590 694 1654 enirn
708 1591 753 1656 ita
766 1590 806 1654 sit
820 1589 958 1666 effectus,
1109 1595 1169 1652 180

170 1675 243 1738 Non
257 1676 388 1758 poterit,
403 1675 429 1738 ai
444 1673 532 1740 domi
548 1674 637 1740 melis
651 1675 814 1755 efficietur,

170 1759 339 1826 Delectare
352 1759 448 1826 alios:
471 1760 557 1826 baud
573 1763 656 1826 enirn
671 1763 854 1850 requitatern
870 1764 923 1826 hoc
937 1761 1040 1826 habet.

171 1845 318 1912 Fortasse
331 1869 407 1912 vero
421 1845 549 1925 dixeris,
567 1847 698 1934 Pelopia
712 1863 795 1914 terra
808 1849 922 1912 omissa
979 1867 984 1882 ·

169 1932 345 2010 Quomodo
358 1933 495 2022 injungis
509 1933 603 2000 istum
620 1935 759 2000 laborem
775 1933 1039 1999 Atheniensibus?

171 2017 251 2108 Ego,
267 2041 398 2106 aequum
413 2035 469 2098 est,
485 2033 521 2086 ut
535 2019 605 2086 hoec
618 2019 787 2088 declarem.

171 2107 286 2190 Sper-ta
300 2105 426 2192 quidem
443 2129 526 2172 saera
539 2121 585 2172 est
600 2122 631 2173 et
646 2107 731 2172 sulm
746 2107 902 2174 moribus:

172 2191 306 2280 Reliqua
321 2215 396 2256 vero
409 2215 507 2278 porse
522 2207 554 2258 et
568 2193 753 2259 imbecillis:
777 2193 831 2260 sed
846 2211 901 2260 tus
916 2193 1024 2260 ciuitas

169 2277 243 2344 Sole
257 2291 365 2380 potest
377 2279 528 2344 sustinere
541 2279 627 2345 hunc
640 2279 798 2346 laborem:

174 2365 314 2451 Reqncit
328 2365 413 2430 enim
429 2365 617 2444 miseranda,
632 2368 821 2454 etjuvenem

171 2449 279 2518 llebet
294 2465 327 2516 te
340 2463 495 2516 rectorem
510 2452 648 2518 bonurn:
671 2454 760 2540 cujus
773 2453 896 2520 delectu
913 2453 1005 2518 urbes
1110 2459 1169 2516 190

171 2535 287 2604 Multas
300 2537 463 2624 perierunt
476 2537 652 2626 indigentes
666 2541 754 2604 duce.

99 2639 162 2686 ceo.
172 2623 212 2690 Et
225 2647 288 2710 ego
301 2623 449 2702 eundem,
464 2647 558 2711 quem
574 2623 636 2704 hic,
652 2627 709 2691 tibi
724 2647 900 2690 sermonem
914 2625 997 2702 dico,

168 2709 304 2789 T'neeeu,
322 2723 357 2778 ut
370 2709 585 2776 misericordis
602 2714 754 2778 movearis
768 2735 909 2778 mearum
926 2711 1149 2778 calamitatum.

98 2799 209 2862 mult
222 2811 258 2862 tu
271 2817 380 2862 annon
395 2797 505 2862 errasti
520 2811 655 2864 sectatus
668 2799 843 2864 orationem

169 2883 296 2948 Talem:
319 2882 403 2948 dixit
416 2885 499 2948 enirn
516 2883 656 2969 quidem,
673 2885 757 2971 quod
773 2884 857 2950 mulo

172 2969 268 3035 Plura
281 2969 346 3036 sint
359 2969 450 3034 bonis
464 2970 547 3057 apud
565 2969 726 3036 homines:

170 3055 240 3208 ἓν
254 3077 330 3122 vero
343 3057 534 3122 contrariam
550 3056 599 3122 his
613 3057 800 3123 sententiam
815 3056 926 3134 habeo,

209 3165 267 3208 ura
281 3141 368 3208 bona
381 3165 477 3229 quam
493 3141 576 3209 muln
589 3167 655 3210 esee
669 3144 860 3210 hominibus.

172 3227 239 3294 Nisi
254 3229 341 3294 enim
356 3227 418 3294 boc
432 3243 523 3308 esset,
539 3251 603 3295 non
618 3252 756 3296 maemm
770 3231 802 3295 in
819 3229 898 3296 luce.

171 3312 282 3380 Laudo
296 3327 402 3380 autem
417 3337 493 3395 eurr,
509 3317 649 3417 quisquis
663 3316 754 3382 nobis
769 3317 864 3382 vitem
880 3341 900 3382 e
912 3313 1057 3392 confuse¹
1105 3319 1169 3378 200

170 3399 211 3465 Et
225 3401 327 3468 lerina
341 3399 484 3468 Deorum
497 3403 655 3468 discrerit.

172 3486 314 3552 Primum
328 3487 456 3575 quidem
473 3489 605 3554 induens
620 3502 769 3570 mentem,
784 3489 897 3554 deinde
911 3511 986 3554 vero
1000 3485 1146 3554 nunciam

170 3575 332 3640 Sermonis
347 3573 487 3663 linguam
501 3574 591 3652 dnus,
607 3589 641 3640 ut
657 3597 863 3664 agnoscemus
878 3597 997 3653 vocem,

169 3659 209 3724 Et
222 3660 419 3746 sepulturam
435 3659 573 3750 frugum,
588 3675 621 3727 et
635 3661 805 3749 sepulturae
819 3661 860 3728 de
874 3661 956 3728 coelo

169 3745 275 3812 Stilles
288 3745 447 3824 humidas,
463 3761 499 3812 ut
512 3747 638 3814 alentur
651 3771 723 3835 qure
739 3761 909 3816 nascuntur
923 3769 964 3812 ex
978 3761 1072 3816 terro·

171 3831 211 3898 Fa
224 3845 369 3898 remeent
381 3845 541 3900 ventrem:
565 3851 718 3919 preterea
731 3857 806 3900 vero
819 3833 967 3900 adversus
983 3833 1126 3918 hyemem

173 3917 386 3996 Munimenta,
402 3921 488 3984 etad
505 3935 617 3986 rectum
633 3919 694 3988 Dei
712 3921 790 3986 Solis
803 3920 986 3996 arcendum,

171 4003 213 4068 Et
227 4005 324 4070 meris
338 4005 581 4094 nerigationem‚
597 4021 628 4073 et
642 4009 831 4072 commercia

175 4089 372 4156 Haberemus
386 4093 468 4158 inter
482 4115 551 4171 nos,
566 4115 673 4168 rerer,
689 4093 803 4180 quibus
818 4092 940 4181 indiget
955 4108 1047 4158 terro.

168 4175 251 4253 Qu:
265 4191 372 4244 eutem
386 4195 461 4244 sunt
474 4181 593 4269 ignoto,
609 4193 640 4245 et
656 4201 718 4244 non
735 4179 818 4244 clare
832 4182 1061 4266 cognoscimus,
1107 4185 1170 4242 210

170 4261 332 4332 intuentes
346 4265 380 4330 in
395 4267 513 4354 lgna,
529 4281 561 4332 et
574 4288 630 4353 per
645 4267 742 4334 fibras
756 4281 903 4334 extorum

607 4375 622 4416 s
636 4361 656 4418 2
