2854 4866
445 191 796 258 SUPPLICES.
1099 201 1162 262 257

164 367 295 436 C'lot'um
310 389 407 454 quem
427 368 524 436 Pluto
538 367 622 434 colit.
704 401 706 409 ·

30 477 31 520 3
165 455 220 520 Per
229 477 326 544 gaus
341 477 482 544 unguem
497 454 667 522 candidum
681 457 831 520 mittentes

162 541 323 606 Cmeotate
337 563 518 628 oorpusque
532 541 829 632 sanguinolentum:

163 625 221 690 Hic
233 629 316 694 enim
331 626 439 692 lronor
453 629 586 694 mortuis
600 629 743 693 tribuitur
757 651 776 692 a
790 627 877 692 vivia.

162 711 267 780 musis
280 735 334 778 me
348 715 420 778 haec
434 713 619 780 insatiabilis
634 714 779 800 voluptas
793 713 936 778 luctuum
1016 715 1095 796 (ant.
1113 709 1158 793 8.)

159 795 358 877 AEmmnosa,
376 813 412 866 ut
426 821 466 866 ex
481 799 563 864 celsa
577 821 657 887 rupe

160 883 296 952 Humida
309 885 413 952 fluens
427 899 529 974 gutta,
1115 891 1157 948 80

158 971 278 1038 Nullum
297 995 438 1058 uuquam
454 971 681 1038 fiuemfacieus
696 972 855 1040 luctuum:
968 971 972 990 '

158 1055 376 1144 Nampmpter
391 1073 533 1124 mortuos
546 1059 629 1123 tilios

156 1141 326 1212 tumens
339 1143 470 1232 quidam
486 1145 519 1209 in
535 1145 717 1212 mulieribus

154 1229 200 1295 m
213 1229 318 1298 luctus
331 1232 446 1298 insitus
461 1246 508 1296 est
521 1231 667 1298 affectus:
690 1231 753 1297 heu
769 1229 830 1297 heu
845 1229 852 1296 l

157 1317 277 1382 Utinam
294 1331 424 1384 mortua
436 1315 552 1382 horum
568 1317 712 1384 dolorum
729 1314 915 1384 obliviscar!

91 1402 289 1474 rquomm
305 1403 430 1470 luorum
444 1402 550 1470 audivi
565 1419 596 1470 et
610 1419 775 1489 pectorum
790 1406 940 1480 sonitum,

153 1487 190 1554 lu
201 1487 443 1556 lamentationes
457 1491 498 1556 de
512 1491 655 1570 mortuis,
671 1514 709 1556 ex
726 1491 776 1556 his
790 1489 915 1577 templis

152 1574 233 1640 Souo
245 1574 412 1642 exeunte?
434 1589 469 1642 ut
484 1589 570 1642 metu
586 1599 636 1640 me
649 1597 837 1664 suspensum
852 1574 967 1653 reddit,
1016 1646 1019 1661 Ι

151 1659 277 1728 Nemea
290 1675 405 1741 mater,
420 1662 462 1729 od
476 1685 572 1750 quam
588 1663 669 1728 vado
681 1663 826 1750 pedibus,

150 1745 226 1824 Qu
239 1749 297 1814 diu
313 1747 417 1814 abfuit
431 1748 472 1814 ab
487 1749 621 1826 aedibus,
638 1773 729 1835 passa
743 1752 784 1816 sit
799 1747 919 1836 aliquid
934 1748 1019 1813 novi.
1110 1757 1153 1816 90

150 1839 160 1914 (
227 1837 238 1916 )
268 1835 361 1912 Quid
374 1835 436 1900 hoo
447 1836 493 1900 rei
504 1835 574 1902 esti
588 1835 681 1902 video
692 1857 776 1902 nova
789 1835 945 1921 prooemia
959 1856 1151 1912 sermonum,

297 1935 407 1988 autem
422 1923 455 1986 in
471 1945 524 1988 ara
538 1923 710 1999 sedentem,

149 2005 185 2071 ΡΑ
238 2008 383 2096 regn-inas
398 2007 491 2074 simul
505 2009 664 2088 mulieres,
678 2029 776 2072 unam
792 2021 898 2073 notam

256 2107 303 2158 tes
318 2093 483 2160 luctuum:
506 2117 579 2159 nam
594 2117 635 2161 ex
649 2093 835 2160 venerandis

148 2175 249 2246 Oculis
264 2180 400 2247 munrnt
411 2181 605 2246 miserabiles
619 2179 797 2268 lachrymas
811 2182 843 2246 in
860 2195 987 2257 terrem,

148 2261 184 2330 Et
196 2288 316 2332 rasurae
330 2289 368 2332 ao
382 2267 511 2332 vestitus
525 2289 589 2334 non
606 2267 706 2352 qualis
720 2289 787 2332 esse
801 2267 895 2334 debet
909 2268 942 2331 in
958 2267 1063 2332 sacris.

146 2351 223 2420 <hid
237 2351 309 2418 haec
324 2365 411 2432 sunt,
425 2352 551 2418 mater?
572 2369 661 2419 tuum
678 2367 724 2418 est
737 2353 878 2421 indicare
892 2353 980 2431 mihi,

149 2435 184 2502 lt
197 2459 303 2504 meum
317 2438 444 2504 audires
468 2453 602 2524 expecto
616 2440 702 2504 enim
717 2439 838 2526 aliquid
855 2441 939 2505 novi.

89 2523 179 2588 eruo
190 2523 244 2602 fili,
260 2525 330 2590 istie
346 2525 493 2592 mulieres
505 2537 576 2592 nint
589 2540 706 2592 matres
721 2525 872 2608 filiorum,

146 2607 258 2686 Quind
276 2609 436 2678 Cadmeas
450 2613 801 2698 portasocoubuerunt,
1086 2622 1147 2680 loo

147 2695 265 2780 Septfln
279 2699 417 2764 docum:
440 2713 559 2764 etcum
576 2701 673 2764 remis
688 2699 883 2784 supplicibus

146 2781 334 2850 Custodiuut
349 2807 409 2864 me,
426 2799 462 2852 ut
475 2785 573 2863 vides,
592 2787 741 2870 undique,
757 2783 813 2850 titi.

85 2865 221 2944 *ποιῶ
234 2891 312 2936 vero
325 2885 374 2936 eet
384 2871 445 2938 iste
458 2893 587 2955 gemens
602 2869 821 2938 miserabiliter
836 2868 876 2935 ed
892 2867 997 2936 iores?

84 2954 308 3037 mandatus,
324 2969 360 3022 ut
374 2960 475 3036 aiunt,
493 2959 685 3046 Argivorum
701 2979 765 3022 rex.

83 3037 188 3106 ruffi
202 3064 278 3109 vero
291 3043 394 3126 pueri,
408 3045 460 3130 qui
471 3055 543 3110 sant
557 3045 641 3110 circa
655 3045 761 3120 istum,
776 3065 817 3108 an
832 3041 925 3129 hujus
939 3055 1009 3108 sunt
1023 3039 1103 3108 filiii

83 3125 227 3208 mum,
240 3129 297 3196 aad
311 3129 368 3194 filii
383 3143 595 3211 mortuorum,
611 3131 666 3216 qui
680 3131 909 3196 occubuerunt.

83 3223 137 3272 Μ.
146 3211 207 3278 Cur
219 3237 296 3280 vero
310 3215 352 3281 ad
368 3238 427 3281 nos
441 3231 596 3282 venerunt
609 3215 743 3303 supplici
759 3213 879 3280 manui

82 3299 232 3366 nasos:
252 3303 306 3368 sed
320 3301 363 3368 ad
377 3301 436 3370 hos
449 3303 587 3390 pertinet
601 3318 765 3368 secuturus
779 3323 893 3379 sermo,
911 3299 943 3366 0
959 3301 1014 3367 fili.

81 3383 188 3452 m‘rs
199 3387 388 3454 obvolutum
404 3389 528 3474 penulis
541 3391 720 3477 interrogo:

141 3469 206 3552 Dic,
221 3485 342 3540 retecto
355 3475 460 3562 eapite
473 3489 506 3542 et
519 3477 633 3540 omitte
644 3474 783 3540 luctum:
1082 3481 1142 3537 llo

141 3555 222 3623 Nihil
236 3563 322 3626 enim
336 3561 445 3639 efficis,
460 3561 570 3664 lingua
584 3583 648 3627 uon
664 3582 836 3647 exponens.

81 3655 118 3700 ω.
141 3641 264 3712 Oclare
277 3647 416 3713 victoriis
431 3649 529 3716 Attici
543 3647 601 3714 soli
617 3669 684 3726 rex,

141 3727 271 3808 stetu,
287 3735 381 3798 versio
393 3737 531 3820 supplex
546 3735 604 3800 tibi
618 3749 649 3798 et
664 3733 735 3798 urbi
750 3747 826 3798 tuoe.

77 3813 242 3892 QOm
258 3839 325 3884 rem
340 3841 469 3898 amaus,
485 3837 540 3886 aut
554 3843 618 3908 quo
634 3843 713 3903 opus
729 3816 876 3884 habens?

78 3911 114 3956 ¹⁰·
142 3901 205 3968 Seis
216 3927 314 3994 quam
328 3907 540 3992 pemicioaam
554 3906 796 3993 expeditionem
812 3903 894 3968 ieci?

78 3993 133 4048 m.
144 3985 211 4054 Non
225 3991 310 4056 enim
326 3993 424 4064 tacite
436 3989 641 4079 pertransiisti
657 3991 829 4058 Graeciam.

79 4083 114 4130 *ἱ
140 4073 183 4140 lbi
199 4077 321 4158 perdidi
336 4081 531 4168 Argivorum
540 4100 703 4230 proceres.

77 4157 225 4228 mrem
237 4165 390 4232 miserum
405 4165 523 4232 bellum
570 4169 623 4230 cit.

79 4254 114 4304 ¹¹·
140 4243 207 4314 Hos
221 4263 364 4318 mortuos
379 4253 449 4318 veni
466 4253 623 4340 petiturus
638 4251 678 4316 ab
694 4249 781 4314 urbe.

586 4361 601 4402 s
