2882 4858
601 243 723 312 lon.

106 444 182 492 cua.
193 423 240 490 Et
253 443 387 511 puerum
402 423 523 509 peperit
538 421 609 490 Deo
623 422 705 488 clam
719 434 817 508 patre.

110 532 183 578 rou.
199 512 273 579 Non
289 522 350 576 est:
372 509 508 574 hominis
522 521 666 595 stuprum
681 508 864 574 dissimulat.

109 599 264 664 000100
277 596 363 684 quod
377 595 480 682 iuquit
493 596 580 682 ipss:
603 595 634 659 id
650 595 743 660 etium
758 607 804 660 eat
818 613 906 680 pssss
923 595 1042 665 infelix.

109 701 182 748 ron.
198 683 284 760 Quid
299 703 404 772 agens,
420 682 572 768 siquidem
587 680 648 745 deo
656 682 768 766 juncte
779 679 865 746 luit?

109 789 186 836 000.
200 769 327 846 Filium,
343 789 435 854 quem
450 768 581 854 peperit,
597 767 745 852 exposuit
757 765 850 831 foras.

110 876 181 921 sorr.
199 854 266 920 Hic
279 855 362 918 iilius
375 854 537 938 expositus
547 852 601 918 ubi
616 851 687 916 est?
707 853 859 936 sspicitne
873 853 999 920 lucem?

110 961 186 1007 cst.
200 940 303 1006 Nemo
317 941 389 1006 scit:
413 953 445 1004 et
457 941 494 1004 ob
508 938 577 1003 lraec
590 939 657 1022 ipso
671 941 832 1004 oraculum
848 941 988 1006 consulo.

114 1047 183 1092 rou.
201 1026 235 1092 si
247 1027 348 1112 igitur
361 1047 425 1090 nou
440 1023 576 1110 surplius
588 1037 738 1110 superest,
753 1024 912 1110 quomodo
925 1023 1043 1112 periit?
1132 1040 1195 1097 350

112 1133 189 1178 cnr..
203 1111 298 1178 Putat
314 1113 424 1178 bestius
437 1109 627 1176 interfecisse
641 1110 729 1174 illum
745 1116 902 1175 miserum.

114 1219 185 1264 rou.
202 1198 351 1275 Quonam
367 1197 483 1262 indicio
496 1209 587 1262 utens
600 1198 748 1284 cognovit
762 1194 847 1260 hoc?

113 1305 189 1352 cnr.
201 1285 282 1348 Cum
298 1284 430 1348 reuocet
443 1305 486 1360 eo,
497 1283 552 1348 ubi
566 1305 637 1348 eum
652 1294 847 1368 exposuerat,
859 1305 922 1347 nou
938 1284 1057 1349 invenit
1073 1287 1194 1352 iterum.

114 1391 186 1436 sorr.
204 1370 343 1436 Ersutue
356 1370 471 1457 aliquoe
485 1368 577 1434 stilloe
591 1369 752 1456 sanguinis
766 1369 797 1432 in
815 1367 889 1433 uia?

115 1477 191 1522 cns.
204 1456 325 1542 Neget:
348 1457 487 1542 quamvis
500 1455 553 1518 dili
597 1471 666 1518 nter
680 1454 780 1518 solutu
796 1456 1024 1544 pervestigarit.

117 1563 188 1608 rou.
203 1541 302 1618 Quod
318 1562 391 1606 vero
405 1557 528 1626 tempus
542 1477 762 1605 si‘innrfeeso
776 1561 875 1626 puero
888 1541 1027 1626 elapsum
1043 1543 1113 1609 est?

116 1649 191 1694 cnr.
204 1629 343 1692 lluberet
357 1627 488 1692 eandem
503 1647 682 1692 mensuram
697 1628 809 1706 sumtis,
824 1646 919 1712 quarn
935 1645 979 1704 tu,
996 1629 1021 1692 si
1036 1631 1162 1696 viveret.

116 1735 188 1780 rou.
204 1713 432 1799 injuris-sllicit
446 1735 511 1776 earn
527 1713 631 1778 Deus:
656 1725 754 1776 meter
767 1733 842 1778 vero
855 1723 897 1777 ert
913 1713 1033 1779 misera.

116 1820 193 1866 000.
205 1801 375 1887 Nunquam
390 1798 505 1864 deinde
517 1800 625 1900 genmt
641 1798 733 1862 aliens
749 1797 899 1863 sobolem.

119 1905 191 1950 rou.
208 1885 296 1962 Quid
311 1907 396 1961 vero,
411 1885 438 1948 si
452 1883 557 1948 lirrtrnr
574 1883 730 1949 subletum
748 1881 890 1947 Plroebus
903 1884 1005 1969 ipsum
1022 1885 1108 1953 slot?
1137 1897 1202 1956 860

118 1991 195 2038 cru.
206 1971 357 2036 Gaudens
371 1970 411 2035 de
426 1991 461 2034 re
470 1970 631 2035 communi
645 1969 740 2046 solus,
756 1989 819 2032 noo
835 1968 909 2034 fecit
918 1971 1014 2056 juste.

119 2078 191 2124 sorr.
208 2057 285 2124 Heu
300 2055 396 2122 mihil
424 2078 565 2144 congrus
579 2069 625 2120 est
638 2054 765 2120 fortuna
778 2075 858 2120 mete
871 2056 1050 2122 celemitrlri.

109 2165 194 2217 ,000
208 2141 251 2210 Et
264 2155 305 2221 te,
323 2142 355 2206 0
368 2142 491 2228 hospes,
507 2143 655 2208 existimo
669 2154 800 2206 manem
814 2143 958 2207 miseram
974 2143 1158 2210 desiderare

120 2249 191 2296 rost.
209 2229 259 2294 Ne
271 2251 321 2292 me
336 2228 376 2294 ad
391 2227 543 2306 dolorem,
558 2229 647 2313 cujus
661 2226 749 2292 obliti
765 2249 883 2305 sumus,
898 2251 1059 2315 provoces.

119 2336 196 2384 cue.
209 2313 333 2380 Taceot
355 2327 486 2400 perteue
500 2335 574 2378 vcro
587 2315 640 2378 illo
655 2312 695 2378 de
732 2312 823 2378 nibus
838 2315 901 2378 inte
1010 2329 1051 2382 te.
1171 2349 1175 2358 ·

122 2422 194 2468 sorr.
211 2401 320 2468 Scione
334 2401 441 2486 igitur,
456 2421 528 2486 quse
543 2421 614 2485 pars
629 2399 673 2463 tui
690 2400 719 2462 ln
764 2413 809 2464 ret
825 2402 961 2466 maxime

122 2509 205 2554 000.
211 2486 301 2564 Quid
315 2507 389 2551 reru
403 2507 467 2550 non
483 2485 528 2549 illi
546 2487 667 2551 miserae
681 2484 830 2550 laborat?

122 2595 191 2640 rou.
208 2571 381 2649 Quomodo
396 2573 495 2648 Deus,
511 2572 595 2658 quod
611 2571 709 2636 latere
723 2573 820 2656 cupit,
836 2571 965 2637 oraculo
979 2573 1127 2661 deteget?

121 2681 197 2726 cue.
211 2657 385 2746 Siquidem
401 2657 517 2724 insidet
532 2659 692 2721 communi
705 2657 822 2742 tripodi
839 2659 985 2724 Graecioe.

123 2767 199 2813 rou.
212 2745 311 2810 Pudet
324 2765 396 2808 eum
411 2744 503 2831 hujus
517 2743 562 2808 rei
574 2767 582 2807 ε
605 2765 646 2808 ne
659 2745 792 2829 exquire
805 2745 846 2808 sb
860 2745 939 2830 ipso.
1141 2753 1205 2816 370

123 2853 196 2900 cna.
209 2829 294 2909 Qum
309 2851 384 2896 vero
397 2851 490 2916 passa
499 2841 555 2907 est,
570 2829 613 2894 ob
627 2829 709 2894 hunc
722 2829 817 2894 dolet.

125 2939 195 2984 ron.
211 2919 287 2983 Nou
301 2929 358 2994 est,
372 2916 427 3002 qui
443 2916 500 2980 tibi
515 2915 700 2981 vaticinetur·
715 2916 782 2980 istu.

211 3003 252 3068 ln
265 3025 323 3068 suo
336 3005 420 3067 enirn
434 3001 552 3086 templo
566 3015 728 3066 accusatus
743 3013 891 3087 tunquam
907 3001 1008 3086 turpis

212 3087 351 3155 Phoebus
360 3089 445 3174 juste
457 3109 529 3152 eom
545 3087 600 3175 qui
614 3087 742 3152 oracula
757 3087 814 3151 tibi
830 3085 973 3153 redderet

212 3173 362 3240 Adiceret
376 3173 481 3260 ulique
495 3173 595 3238 molo:
618 3173 752 3250 discede,
769 3171 897 3238 mulier:

213 3261 287 3326 Nou
302 3260 385 3324 enim
396 3259 472 3325 Deo
484 3259 642 3324 contrariu
657 3281 696 3324 ex
713 3258 841 3323 oraculo
852 3259 1024 3344 quaerends
1038 3273 1122 3324 sunt.

214 3347 251 3412 lu
267 3367 421 3410 summurn
436 3347 519 3410 enim
535 3345 703 3410 dementise
716 3345 904 3422 veniremus,

214 3433 249 3499 Si
264 3430 340 3496 deos
354 3433 467 3496 inritos
480 3453 593 3516 cogere
607 3431 755 3496 vellemus

213 3517 330 3584 Dicere
343 3539 415 3604 quae
429 3517 552 3595 nolunt,
567 3531 622 3582 sut
636 3529 709 3582 oute
723 3538 808 3581 urum
824 3515 913 3582 lactis

215 3603 464 3670 Mactstionibus
477 3603 593 3678 ovium,
608 3617 663 3668 sut
676 3625 733 3688 per
748 3603 879 3690 auguria
892 3603 1005 3666 svium.
1146 3613 1211 3670 880

214 3691 299 3767 Quse
313 3691 396 3754 euim
412 3691 443 3754 ri
457 3709 604 3778 urgemus
619 3689 724 3752 invitis
740 3689 821 3766 Diis,

215 3774 343 3841 luutiliu
357 3777 450 3856 bona,
466 3775 498 3840 0
513 3775 633 3852 mulier,
649 3774 881 3860 consequimur,

215 3861 301 3938 Que
314 3882 390 3926 vcro
404 3861 542 3926 solentes
554 3859 709 3937 dederint,
725 3861 954 3945 illisjuvamur.

128 3969 205 4015 cuo.
216 3945 333 4012 Multre
346 3946 488 4032 profecto
501 3961 576 4012 suut
587 3947 758 4011 multorum
773 3944 951 4010 mortalium
967 3943 1175 4009 calamitates:

218 4031 868 4116 Formsereroipsommintersedifferuot.
889 4031 994 4095 Unam
1008 4053 1081 4096 vcro
1092 4029 1212 4096 felicem

218 4119 281 4183 Vix
296 4141 338 4184 un
385 4141 435 4184 am
451 4119 586 4184 inveniet
601 4117 712 4204 aliquis
726 4121 756 4182 in
771 4116 934 4181 hominum
951 4117 1055 4181 vitum.

129 4225 205 4272 cur.
218 4204 252 4270 O
269 4203 315 4268 Ph
387 4250 398 4283 ,
413 4217 445 4270 ct
460 4205 533 4282 illic,
548 4219 579 4270 et
593 4203 645 4268 hic
662 4225 723 4268 nou
735 4205 837 4290 justus
851 4225 883 4266 es

218 4290 255 4355 ln
271 4289 355 4356 illum
371 4295 541 4370 sboentcrn,
558 4291 646 4375 cujus
659 4289 774 4354 sdsunt
790 4309 958 4354 sermones.
