2824 4860
438 177 718 246 ouusrus
1080 143 1157 256 ω’

134 353 273 439 Recepto
289 351 433 438 conjuge.
471 350 546 418 Nou
560 352 643 418 enim
658 351 803 438 equidem
817 353 952 438 amplius
966 355 1078 440 rivum,

135 442 250 508 Sinon
264 437 414 504 ndrerma
427 435 513 502 illam
527 437 687 504 strinxero
699 449 803 503 atrum
817 461 934 507 ensem.
1022 509 1030 522 ⁸

131 531 178 599 At
191 525 296 592 sinon
311 524 467 610 potiemur
481 517 567 588 crede
586 523 731 602 Helenor,

130 611 339 680 Incendentes
353 609 436 675 hanc
449 609 579 675 domum
595 611 778 675 moriemur.

130 699 295 764 Alterutro
307 697 392 762 eninr
406 717 471 762 non
485 694 624 762 destituti
639 697 820 763 habebimus
833 696 964 785 gloriam

133 785 278 852 Honeste
291 784 469 859 morientes,
484 793 539 852 aut
553 782 683 867 pulchre
696 783 820 848 servati.

57 872 243 958 cuoDigna
255 881 303 934 est
318 892 389 958 qure
402 867 478 934 odio
490 867 643 934 habentur
656 869 696 934 ab
711 869 856 934 omuibus
870 869 1051 938 mulieribus
1133 872 1138 878 '

133 955 246 1023 Puella
259 955 427 1043 Tyndaris,
442 977 513 1041 quae
527 953 680 1022 dedecore
693 955 797 1020 affecit
810 978 933 1024 sexum.

58 1043 197 1122 osuAh,
212 1042 294 1108 nihil
306 1054 352 1107 est
366 1041 572 1127 prestant'trs,
587 1063 682 1128 quam
697 1053 801 1118 certus
814 1043 942 1122 amicus,

130 1130 206 1197 Non
221 1151 309 1214 opes,
319 1150 383 1192 uon
399 1147 547 1214 regnum:
569 1141 618 1194 est
630 1125 789 1214 veroquid
804 1127 919 1194 nullius
934 1129 1026 1215 pretii
1039 1137 1122 1198 1150

131 1213 312 1282 Multitudo
325 1235 398 1280 cunr
411 1235 564 1302 generoso
577 1214 680 1278 amico
693 1216 890 1282 commutari.

131 1303 217 1368 Nam
233 1315 269 1367 tu
282 1313 314 1367 et
327 1313 437 1366 contra
449 1297 629 1384 AEgisthurn
645 1300 790 1364 invenisti
804 1300 895 1378 mala,

132 1387 176 1454 Et
188 1409 291 1474 prope
304 1386 415 1452 ederas
426 1384 504 1450 mihi
516 1385 549 1448 io
565 1385 722 1472 periculis,

131 1475 176 1540 Et
188 1495 278 1539 nunc
291 1494 398 1538 rursus
413 1471 470 1538 das
483 1471 561 1536 mihi
575 1470 725 1538 ultionem
739 1471 889 1549 hostiurn,

132 1560 175 1626 Et
189 1580 255 1626 nou
270 1556 613 1624 abes-——desinam
627 1571 659 1624 te
672 1557 809 1635 laudare,
826 1560 900 1644 quia

132 1647 241 1713 Etiam
255 1644 318 1710 hoc
331 1644 438 1710 catilli
452 1641 628 1720 molestum,
642 1646 775 1708 nimium
787 1641 922 1734 laudari.

183 1754 204 1796 ο
218 1745 321 1806 autern
337 1731 466 1796 omnino
478 1728 585 1795 efflans
599 1752 700 1797 nrearn
710 1731 845 1796 animam

131 1733 216 1884 llus
230 1816 350 1919 aliquid
363 1815 478 1882 faciens
491 1816 625 1882 inimicis
639 1817 717 1880 meis
727 1818 818 1893 mori,

132 1905 180 1972 Ut
193 1904 327 1970 vicissim
341 1902 510 1992 perdemus
523 1905 602 1980 illas,
617 1903 672 1989 qui
686 1923 737 1966 me
750 1901 968 1986 prodiderunt,

134 1990 176 2058 Et
189 2002 328 2079 ςεωωί,
344 1992 397 2077 qui
412 2011 463 2054 rue
475 1988 623 2053 miserum
637 1987 791 2053 lecerunt.
1040 1997 1122 2058 1160

132 2079 380 2166 Agamemnonis
393 2074 477 2139 filius
490 2097 571 2151 sum,
586 2074 641 2160 qui
658 2074 791 2140 Graecias

130 2162 311 2248 Imperavit,
349 2161 356 2176 '
402 2160 616 2246 usjudicatus,
630 2183 695 2224 non
708 2171 868 2247 tyrannus,
883 2160 938 2226 sed
952 2171 1057 2228 tamen

133 2249 257 2315 Habuit
271 2247 335 2314 Dei
361 2270 412 2312 ere
422 2245 613 2332 potentiam
629 2267 723 2331 quem
738 2268 801 2312 non
814 2245 944 2312 efficium
956 2246 1119 2328 dedecore,

133 2334 296 2422 Oppeteus
309 2333 450 2398 servilem
467 2345 610 2410 mortem,
622 2331 676 2396 sed
690 2331 787 2397 libere

131 2422 235 2486 Vitam
250 2421 402 2496 amittam,
416 2433 450 2484 et
466 2417 646 2483 Menelaum
662 2419 802 2484 ulciscar.

134 2507 167 2572 Si
180 2507 265 2572 enim
282 2526 379 2572 unum
394 2503 498 2570 edhuc
512 2525 670 2589 possemus
682 2505 825 2588 adipisci,
839 2525 975 2570 essemus
990 2505 1106 2587 felices,

134 2593 168 2659 si
180 2592 327 2659 alicunde
340 2591 516 2676 inseparata
528 2589 612 2656 salus
625 2589 779 2655 accideret
1137 2593 1147 2608 ²

18 2714 23 2723 ·
132 2678 336 2756 Neoanribus,
351 2699 416 2742 nou
432 2675 653 2744 morientibus:
676 2689 753 2762 opto
766 2675 844 2740 haec.

135 2764 215 2830 Nam
230 2766 313 2852 quod
329 2763 422 2848 cupio
436 2785 530 2828 suave
540 2775 592 2827 'est
604 2762 697 2827 etiam
713 2783 769 2849 per
782 2785 818 2828 oe

131 2850 262 2917 Volucri
273 2871 417 2916 sermone
429 2849 497 2916 sino
510 2861 636 2934 sumptu
650 2847 805 2913 delectare
818 2847 968 2913 animum.
1038 2855 1122 2916 1170

51 2953 121 3002 m.
202 2935 335 3020 ,fratem
349 2935 494 3001 existimo
507 2933 568 2999 hoc
583 2939 685 3020 ipsum
699 2956 750 2998 mc
764 2933 887 3012 habere,
938 2933 953 2968 ⁸

134 3025 157 3090 s
189 3038 274 3090 utem
288 3021 392 3087 tibier
407 3021 490 3098 huic,
504 3034 535 3086 er
549 3020 641 3086 terrio
655 3019 742 3084 mihi.

53 3127 124 3172 our.
133 3109 227 3180 Dicis,
235 3108 301 3174 Dei
315 3108 516 3194 sapientiam
537 3106 591 3172 sed
604 3105 659 3172 ubi
671 3105 734 3171 hoc
748 3102 817 3170 est?
856 3163 857 3170 ,

134 3195 218 3273 Quia
232 3196 298 3259 scio
312 3193 508 3280 prudentiam
525 3191 631 3258 edesse
646 3205 709 3256 turc
722 3193 845 3256 animer.

54 3299 125 3344 ιιι
135 3281 219 3346 Audi
232 3303 319 3346 nuno
335 3282 453 3357 Oresta,
468 3292 499 3344 et
513 3293 548 3344 tu
562 3281 691 3365 Pylade,
706 3277 769 3342 huc
783 3276 910 3344 edverte
923 3277 1074 3342 animum.

49 3385 124 3430 oar.
134 3367 206 3444 Dic,
222 3367 297 3454 quia
311 3366 430 3431 bonurn
444 3365 493 3429 vel
507 3365 645 3452 cogitare
658 3363 754 3429 habet
767 3363 902 3450 aliquem
917 3365 1121 3450 voluptatem.

50 3471 125 3520 nu.
135 3452 257 3518 Novisti
269 3452 367 3518 filiam
384 3450 543 3517 Helenae?
563 3451 710 3516 scientem
725 3449 897 3537 interrogo.

48 3557 124 3602 ortu
136 3538 218 3606 Nori
233 3539 455 3616 Hermionem,
469 3559 564 3624 quam
579 3535 723 3602 educant
739 3547 839 3600 mater
850 3557 932 3602 mee.

49 3643 122 3688 eun.
134 3625 194 3690 Ille
206 3627 284 3691 abiit
297 3625 339 3690 ad
352 3623 553 3710 sepulchrum
568 3623 826 3709 Clytoemnestrae.

46 3729 123 3775 one.
132 3711 219 3788 Quid
231 3709 376 3778 Mure?
395 3732 432 3775 su
496 3709 538 3774 ris
550 3709 687 3795 aliquem
700 3707 812 3796 spem?
1040 3712 1123 3770 1180

46 3815 120 3861 une.
132 3797 284 3865 Libatura
295 3795 423 3862 inferias
490 3817 523 3861 se
549 3795 701 3872 ulchrum,
718 3795 788 3858 rice
800 3793 920 3859 matris.

46 3901 123 3948 one.
134 3881 228 3950 Esto:
296 3882 329 3948 id
343 3883 423 3948 dicia
436 3881 513 3947 mihi
524 3818 589 3948 loc
603 3882 641 3946 nd
656 3882 786 3946 salutern
801 3873 988 3944 conferens?

46 3987 123 4034 zue.
134 3969 245 4070 Capite
283 3993 341 4034 auc
354 3966 508 4046 obsidem,
515 3967 650 4058 „quando
664 3967 802 4032 redierit.
952 3971 954 3978 “

48 4073 125 4120 ons.
135 4056 233 4144 Cujus
248 4057 293 4122 rei
308 4056 388 4120 dicis
400 4054 463 4119 hoc
477 4077 542 4120 esse
555 4053 729 4119 remedium
743 4051 837 4118 nobis
850 4048 951 4117 tribua
961 4046 1092 4114 etnicis?

46 4159 122 4208 eus.
133 4142 303 4210 Interiectu
312 4141 447 4220 Helena,
457 4139 567 4228 siquid
581 4138 747 4206 Menelaus
754 4150 863 4204 contra
872 4149 903 4205 te
918 4135 1010 4202 vellet
1020 4155 1124 4224 agere,
