2888 4856
268 195 338 256 500
648 187 972 258 EURIPIDIS
1428 243 1429 258 ι

1428 293 1429 338 l

359 387 460 468 Quod
478 395 607 488 mquam
631 400 699 452 erat
721 399 757 452 ut
777 411 797 454 e
818 387 909 454 nobit
922 389 985 476 'qui
1007 387 1151 457 mdiom
1170 409 1281 458 numus
1300 391 1355 457 tibi

443 485 550 540 contin
627 483 640 537 t

361 559 395 628 Si
409 559 535 644 Jupiter
543 493 666 645 jlslllm
680 580 756 648 erge
769 581 827 625 nos
840 559 981 626 animum
995 558 1135 628 haberet.

361 647 396 714 Si
409 647 506 738 igitur
520 659 556 710 tu
569 645 735 731 imperium
751 645 845 732 hujus
859 660 953 712 terrae
967 647 1013 712 vis
1026 645 1154 727 babere,
1294 653 1355 710 21⁰

362 733 437 800 Sine
449 753 508 797 nos
522 729 631 797 exules
644 732 732 796 exire
745 753 786 796 ex
801 733 858 797 loc
871 743 973 798 terra:
1099 793 1102 798 .

270 825 277 832 '
359 823 423 888 Per
437 819 499 886 vim
514 838 590 884 sero
603 816 683 881 nihil
695 816 790 882 facim
804 817 897 896 ιιοῠίι,
912 831 968 884 aut
981 817 1108 906 patieris
1121 819 1187 884 vius

362 906 445 971 Cum
459 903 552 969 flatus
563 902 615 968 dei
629 915 768 968 mutatus
778 903 835 968 tibi
848 901 952 969 fuerit.

376 989 464 1057 Proh
473 993 495 1072 r)
520 987 552 1056 0
567 1003 650 1054 terrs
664 987 875 1068 Cadmi-sd
890 1001 922 1054 te
935 989 1018 1056 enim
1033 989 1168 1072 veniam,

360 997 468 1144 llerba
481 1075 635 1162 probrosa
648 1077 683 1140 ia
695 1087 726 1140 te
739 1096 969 1178 congerens,-

362 1163 454 1230 Itsne
468 1181 561 1246 opem
576 1159 661 1226 fertis
677 1161 903 1240 Hercule-et
918 1161 1024 1228 liberi·
1038 1159 1130 1249 ejus?

361 1249 428 1326 Qui
441 1246 525 1314 solus
627 1269 646 1312 a
660 1269 732 1312 cum
746 1247 893 1314 omnibus
909 1245 1032 1336 Minyis
1045 1267 1243 1332 oongroesm,

362 1334 451 1402 Fecit
464 1345 503 1400 ut
514 1267 637 1398 III&
650 1332 751 1399 libero
765 1335 859 1400 oculo
871 1348 1036 1402 cernerent
1049 1335 1151 1400 ἔιιαιιι.

361 1422 474 1505 Neque
487 1419 647 1484 Graecism
660 1418 766 1498 leudo,
777 1441 880 1508 neque
893 1431 1005 1507 potero
1018 1421 1175 1508 patienter
1188 1439 1331 1506 unquam

361 1505 494 1583 Tenere,
507 1503 676 1590 pessimam
689 1506 856 1591 experiens
870 1505 902 1571 in
917 1505 1018 1572 tilium
1034 1528 1150 1584 meum,
1295 1513 1357 1572 200

361 1591 468 1670 Quam
482 1589 649 1677 oportebat
662 1592 768 1676 pueris
783 1591 848 1656 istis
862 1591 978 1681 ignem,
993 1591 1109 1670 hastas,
1124 1613 1214 1658 arma

362 1679 526 1744 Ferentem
541 1677 657 1743 auxilio
670 1677 786 1756 venire,
798 1679 991 1744 murinarum
1003 1679 1229 1768 purgationum
1429 1733 1430 1766 ι

361 1763 535 1852 Terraque
545 1773 689 1850 purgate
697 1761 872 1830 mercedem
886 1767 927 1830 ob
937 1763 1071 1844 labores,
1086 1785 1166 1852 quos
1178 1762 1357 1830 amonis
1429 1769 1430 1790 ¹

362 1849 447 1915 Haec
461 1847 559 1928 vobis,
576 1847 608 1914 O
622 1849 723 1929 liberi,
738 1870 841 1937 neque
855 1847 1082 1917 Thebanorum
1095 1849 1215 1928 civius

362 1935 476 2023 Neque
490 1934 618 2002 Graesis
629 1947 777 2021 praestat:
800 1935 841 2000 ad
855 1957 906 2002 ms
919 1959 994 2003 vero
1007 1937 1143 2003 amioum
1154 1935 1347 2002 imbeenlmn

364 2023 426 2087 Res
450 2021 541 2100 luitis,
556 2021 612 2109 qui
627 2020 705 2086 nihil
721 2045 799 2099 sum,
816 2037 933 2106 praeter
946 2037 990 2090 str
1031 2023 1110 2089 itum
1123 2021 1255 2110 lingue.

362 2107 416 2174 De
427 2119 557 2172 onerum
566 2107 650 2180 enim
664 2107 757 2186 vires,
772 2129 850 2194 quus
863 2107 985 2194 priush
1052 2110 1150 2174 'mnas

364 2195 643 2258 Senectutesmem
654 2191 1024 2274 tremulamatmembra,
1033 2193 1242 2262 etevanidnm
1250 2193 1357 2260 robur.

364 2277 462 2356 Quod
477 2278 504 2343 si
518 2299 618 2344 essem
630 2279 760 2358 'avenis
775 2291 807 2344 et
820 2277 923 2346 adbuc
936 2284 1072 2346 valerem
1086 2301 1232 2367 oorpore,

364 2366 503 2448 Arrepto
515 2363 607 2430 hasta
619 2301 732 2430 ilerum
751 2366 841 2431 hu'us
854 2365 1002 2452 capillum
1295 2371 1357 2431 900

364 2449 571 2516 Gruentarem
587 2450 704 2536 utique,
719 2461 755 2516 ut
769 2474 789 2516 u
803 2464 853 2517 tra
865 2451 1039 2519 Atlantioos

363 2534 532 2602 Terminus
548 2546 633 2602 metu
646 2534 767 2626 fugeret
782 2559 883 2602 meam
896 2538 1030 2605 hastam.

279 2643 354 2692 cuo.
367 2624 499 2688 Annon
514 2622 694 2688 occasiones
708 2621 834 2688 dicendi
847 2621 932 2689 boni·
1430 2691 1431 2694 ,

366 2707 524 2774 HomInes
538 2703 667 2790 habent,
680 2709 801 2774 etiamsi
814 2709 921 2775 tardus
933 2709 974 2775 sit
987 2707 1098 2798 aliquis
1112 2708 1152 2776 ad
1166 2705 1359 2776 dicendum?
1430 2709 1431 2780 ζ

279 2815 351 2862 nrc.
366 2793 421 2860 Tu
434 2793 562 2880 quidem
576 2791 675 2859 dicito
688 2807 799 2861 contra
814 2817 870 2860 nos
884 2795 990 2874 verbs,
1003 2795 1118 2883 qmlus
1131 2809 1246 2874 tumes,

365 2879 438 2968 Ego
452 2901 528 2945 vero
541 2879 599 2946 tibi
614 2901 673 2965 pro
687 2893 742 2946 tuo
756 2901 902 2946 sermone
915 2880 1117 2947 malelsoiam.

366 2965 471 3055 Agite,
469 2965 540 3116 slim
561 2965 689 3054 quidem
709 2969 743 3031 ia
767 2966 966 3048 Helieonem,
981 2967 1035 3034 alii
1056 2989 1131 3033 vero
1153 2970 1188 3032 ia
1210 2965 1359 3032 Parnassi

448 3073 469 3116 v
511 3073 543 3116 es

365 3137 552 3225 Ligustores
565 3138 721 3224 proiectos
730 3139 840 3226 jubete
853 3161 957 3208 secem
970 3161 1121 3228 quereum

367 3223 504 3290 Remos:
526 3238 691 3312 postquam
705 3248 781 3292 vero
794 3227 828 3291 in
844 3227 953 3296 urben
966 3226 1127 3313 importati
1139 3225 1267 3304 inanit.

364 3309 496 3376 Circum
509 3331 595 3376 aram
610 3311 804 3378 cumulantes
820 3313 967 3402 utrinque
979 3325 1158 3380 ooustrnets
1171 3311 1270 3402 ligna,
1294 3317 1358 3376 84⁰

366 3396 528 3462 Iuoendite
540 3408 574 3461 et
586 3411 722 3464 oramate
736 3421 775 3463 oo
834 3421 871 3466 ra
884 3399 1024 3486 ipsorum

365 3479 531 3563 Omnium,
545 3495 582 3549 ut
594 3483 704 3566 minat,
718 3507 762 3574 qu
821 3501 960 3552 mortuns
972 3485 1025 3552 ille
1039 3506 1104 3554 non

367 3567 507 3653 Imperat
521 3568 594 3635 huic
608 3581 711 3649 terrae,
726 3571 781 3638 sed
795 3593 855 3659 ego
869 3593 965 3638 nnnc.

243 3693 246 3700 Δ
366 3651 433 3718 Vos
447 3675 523 3720 vero
536 3677 624 3722 senes
634 3657 689 3744 qui
701 3657 872 3724 edumarii
887 3659 964 3725 mm

368 3738 518 3805 Consiliis
532 3741 614 3821 estis,
629 3763 693 3809 non
708 3741 810 3810 solum
825 3743 971 3832 lugebitis

364 3823 499 3890 Liberos
514 3825 674 3907 Herculis,
689 3850 797 3896 verum
812 3829 906 3896 ιιὶιιιι
920 3827 1049 3896 familiae
1061 3839 1170 3894 ιιειιιιε

365 3910 576 3994 calamitates,
591 3915 719 4000 quando
732 3915 852 4004 aliquid
866 3916 1014 4004 patietur,
1028 3911 1274 3982 moordulrimiui
1286 3931 1360 3976 vero

366 3997 430 4062 Vos
444 4019 550 4064 servos
563 4021 630 4066 esse
643 4023 723 4066 meae
736 4018 751 4067 t
773 4002 921 4069 renuidis.

281 4101 356 4149 uuo.
367 4081 400 4150 0
413 4097 521 4168 psrtm
535 4099 640 4170 terne,
654 4109 733 4174 quos
788 4109 840 4154 arr
853 4087 1016 4154 mmiuavit
1028 4089 1117 4169 olim,

366 4166 498 4236 Nudum
511 4172 631 4261 amplus
644 4196 742 4262 genas
755 4174 921 4253 Draoonis,
1298 4177 1361 4236 2⁵0

368 4255 441 4322 Nou
456 4256 579 4339 broma,
594 4261 715 4328 dextrae
727 4283 837 4328 munus
849 4260 1022 4340 Inldmine,
