2798 4862
274 233 526 302 IPHIGENIA
547 233 597 301 IN
621 235 813 302 AULIDE.
1019 241 1082 301 29³

135 407 171 475 Ut
182 409 308 493 reciperet
323 411 450 476 Graecia
464 413 759 497 compensatiouem.

134 495 172 560 Er
184 494 245 581 Pylo
256 508 356 560 autem
374 497 517 562 Nestoris

133 581 232 645 Gereuii
244 581 300 645 ridi

130 667 161 731 lu
172 665 303 752 puppibus
318 668 442 756 signum
457 667 738 756 taurinis-pedibus
753 669 931 746 videndum,

129 752 244 819 Accolam
258 752 424 838 Alpheum.

127 837 303 904 AEuiuuurum
318 853 421 904 autem
434 840 600 905 duodecim
616 855 716 906 rostra
932 841 1026 923 (epod.
1038 836 1084 918 2.)
1191 859 1196 868 ·

127 924 235 988 Navium
246 939 341 1002 erunt,
357 927 471 1011 quibua
485 949 540 991 rex
557 927 689 995 Guneus
1035 941 1037 947 ’

126 1009 286 1094 imperabat:
309 1032 408 1098 prope
423 1034 496 1078 vero
510 1015 585 1078 istos

124 1096 207 1160 Elidis
236 1097 374 1182 riucipes‚
721 1111 725 1118 “
1021 1095 1085 1162 970

121 1181 198 1258 Quos
211 1119 303 1269 llpeoa
318 1184 448 1248 vocabat
461 1186 564 1249 omnis
577 1184 729 1284 populus:

121 1267 238 1354 Eurytus
251 1281 351 1359 autem
367 1270 542 1355 imperabat
558 1272 616 1334 hus.

117 1354 196 1418 Albis
207 1377 273 1418 uero
287 1355 382 1418 remia
396 1355 582 1421 instructum
599 1357 762 1420 exercitum

117 1439 255 1525 Taphium
268 1440 415 1516 nutabat,
430 1443 482 1508 cui
497 1441 610 1530 Meges

114 1525 246 1604 Proeerut
262 1525 371 1628 Phylei
386 1527 480 1606 filius,

113 1611 229 1678 Relictis
243 1611 454 1677 Echuuadibua

111 1697 214 1762 Insulia
226 1721 293 1784 qua·
309 1701 411 1763 nautia
426 1713 499 1764 suut
513 1701 689 1764 inaccessae.

108 1785 183 1868 Ajax
195 1801 302 1861 autem,
318 1783 463 1853 alumnus
485 1785 659 1863 Salaminia,

106 1869 253 1934 Dextrum
269 1891 367 1934 cornu

106 1955 232 2020 Sinistro
244 1957 471 2044 conjungebat:
1023 1959 1088 2016 080
1158 1969 1162 1985 ·

102 2039 222 2117 Quibus
234 2043 363 2141 propius
376 2041 514 2107 habebat
526 2043 690 2108 stationem
706 2041 826 2105 ratibus

101 2125 258 2192 Extremus
274 2128 437 2192 cobserens

99 2213 272 2277 Duodecim
288 2213 457 2278 celerrimis
471 2214 619 2278 navibus·

98 2297 146 2364 Ut
160 2297 271 2376 audivi,
286 2313 318 2363 et
332 2300 492 2365 nauticum

95 2384 254 2468 Populum
269 2384 350 2450 vidi:

93 2470 156 2534 Cui
173 2472 198 2533 si
214 2471 283 2572 quia
297 2471 475 2535 committat

90 2554 282 2622 Barbaricas
296 2578 401 2634 naves,

88 2643 167 2706 Non
183 2655 415 2729 consequentur
429 2641 573 2707 reditum.

87 2727 157 2793 Ubi
174 2727 332 2805 bellicum,
344 2727 409 2792 vidi

81 2812 249 2878 Navalem
265 2814 511 2898 expeditionem,
620 2823 625 2834 '

76 2899 164 2982 Alia
179 2921 259 2966 vero
274 2900 405 2964 audiena
418 2899 516 2976 domi,
532 2898 695 2962 conuocati

75 2985 288 3051 Memoriam
304 3007 394 3051 seruo
407 2986 572 3049 exercitur.
697 3009 706 3028 ·

71 3071 250 3149 Menelae,
267 3072 364 3136 audeo
378 3072 507 3147 atrocia,
547 3091 596 3134 uae
610 3083 641 3134 te
655 3091 718 3133 uon
734 3068 825 3133 decet
839 3068 964 3134 audere.

54 3161 227 3244 ‚Apaget
253 3154 349 3223 nimis
362 3157 463 3222 fidelia
476 3179 509 3221 es
523 3093 668 3220 dominis.

67 3244 278 3308 Honestum
294 3243 534 3329 aaneprobrum
549 3241 627 3306 mihi
642 3242 824 3326 exprobras.

54 3329 252 3406 florebis,
270 3330 295 3393 ai
310 3328 417 3407 faciae,
432 3350 506 3415 quae
521 3341 551 3392 te
565 3349 629 3392 non
644 3329 735 3392 decet
747 3328 859 3391 lacere.

56 3417 104 3481 N
105 3437 156 3479 on
170 3414 350 3501 oportebat
366 3431 396 3479 ta
410 3416 530 3501 aperire
543 3411 659 3492 literas,
697 3437 753 3478 uua
767 3437 784 3477 e
839 3411 989 3476 ferebam.

57 3503 201 3587 Neque
219 3514 352 3584 oportet
368 3516 399 3566 te
412 3499 495 3565 ferre
508 3498 592 3564 mala
606 3437 753 3564 omnibus
767 3435 900 3565 (ἔξω.
947 3533 954 3550 =
973 3581 981 3596 ι
1007 3581 1015 3596 .

54 3587 276 3736 Cumualiis
302 3589 343 3652 de
366 3585 415 3652 luis
444 3586 644 3662 contendit03
673 3585 816 3672 relinque
839 3605 914 3648 vero
939 3579 1017 3646 muln
1039 3577 1096 3643 hau

196 3683 297 3738 teras.

54 3761 154 3826 Non
169 3759 375 3846 relinquam.
418 3779 493 3824 suu.
515 3759 627 3845 Neque
641 3767 701 3845 eg'o
716 3755 884 3821 dimittam.
1034 3759 1098 3817 800

54 3847 155 3911 Cito
168 3845 286 3930 igitur
300 3847 473 3909 cruentabo
487 3857 582 3928 caput
596 3858 685 3907 tuum
700 3857 833 3927 sceptro.

54 3929 137 3999 3ed
156 3929 351 4016 gloriosum
367 3943 414 3994 eat
429 3933 509 3993 mori
524 3951 583 4014 pro
597 3929 745 3993 dominis.

54 4017 259 4096 Dimitte3
283 4037 355 4082 cum
371 4017 454 4080 enim
470 4035 576 4078 servus
590 4037 622 4078 es
636 4012 714 4077 dicis
729 4013 838 4094 longae
852 4009 1020 4074 orationes.

54 4109 79 4170 )
106 4101 288 4178 domine,
304 4103 420 4188 injuria
434 4099 604 4166 afficimur:
628 4113 697 4163 tuae
712 4099 796 4164 euiur
811 4095 958 4183 epiutolau

54 4193 186 4256 licea
204 4189 345 4274 rapiens
359 4209 399 4253 ex
410 4188 488 4251 meis
502 4187 647 4250 munibus
661 4187 703 4263 vi,

54 4295 333 4366 ‚gamemnom
350 4283 414 4338 noir
428 4273 499 4338 uult
510 4271 558 4336 uti
567 4274 649 4423 pure.

310 4387 313 4398 ·
529 4378 551 4422 u
