2774 4864
434 223 719 295 CYCLOPS.
797 287 799 294 ,

135 398 250 486 Qlopis
264 397 447 486 effugientes
461 414 557 486 caput
571 401 724 487 impium!

10 549 27 573 ,-
135 485 207 562 Quia
219 507 258 550 cx
271 483 368 572 longo
383 499 525 572 tempore
539 488 665 552 charam
681 489 819 554 fistulam

9 580 26 648 J
134 571 269 636 Terentes
283 569 378 652 hanc,
394 593 458 635 non
474 594 640 657 possumus
653 597 722 639 com
782 597 862 642 cere.

68 658 208 723 urudndi
221 657 429 746 igitur'nunc,
444 681 540 745 qnam
555 658 689 724 habeam
704 685 726 726 u
739 663 855 728 tionem
1055 683 1120 739 440

133 743 237 809 Belluae
251 744 375 820 atrocis,
391 760 423 808 et
437 749 517 830 quod
531 759 594 810 tuae
609 748 765 812 servitutis
780 749 942 837 effugium.

11 902 17 910 ⁸
64 831 192 907 cuoDic,
205 832 276 916 quia
291 829 439 894 Asiaticae
454 853 517 894 nou
533 831 680 897 libentius
695 835 858 919 strepitum

131 915 256 982 Citharae
271 915 460 992 audiremus,
498 939 571 982 uam
588 918 759 1005 Cyclopem
776 922 915 1006 periisse.

8 1023 12 1028 ’
63 1003 367 1079 aestumandum
382 1002 429 1066 ire
442 939 511 1068 vult
524 1004 564 1068 ad
580 1003 690 1070 fratres

129 1085 272 1175 Cyclopes
286 1088 477 1154 exhilaratus
492 1089 553 1155 hoc
568 1090 717 1156 bacchico
730 1108 821 1178 potu.

58 1173 275 1260 cnolntelligo,
291 1177 394 1239 solum
408 1174 646 1260 deprehendens
661 1178 763 1262 ipsum
779 1180 813 1242 in
828 1179 920 1266 sylvis

128 1261 329 1326 lnterlicerec
374 1261 440 1338 'tas,
456 1276 511 1327 aut
525 1263 565 1327 de
580 1263 665 1328 saxis
679 1265 889 1350 praecipitare.

8 1351 13 1372 ³
55 1367 119 1412 utu.
129 1345 207 1411 Nihil
223 1346 296 1429 tale,
310 1347 353 1412 do
364 1370 420 1412 osa
436 1348 505 1412 haec
519 1347 652 1413 audacia
665 1365 721 1414 est.

53 1454 115 1498 cuo.
126 1431 289 1584 Quoppodo
306 1431 424 1522 igitur?
446 1434 616 1520 sapientem
632 1437 716 1500 enim
732 1450 763 1499 te
777 1437 954 1504 audivimus
962 1441 1028 1525 jam
1049 1444 1114 1528 pri-

221 1541 269 1584 em
285 1543 361 1584 esse.

51 1623 114 1671 utu.
126 1605 173 1670 Ab
186 1605 245 1671 hoc
259 1606 387 1693 quidem
403 1608 548 1672 convivio
563 1609 664 1692 ipsum
681 1624 819 1675 avertam
835 1613 953 1690 dicens,
1050 1624 1114 1682 450

122 1691 210 1768 Quod
225 1715 288 1758 non
307 1692 499 1778 Cyclopibus
513 1709 623 1780 potum
640 1709 786 1780 oporteat
800 1699 874 1763 dare
890 1697 985 1778 hunc,

8 1853 10 1860 s
121 1777 178 1844 Sed
193 1777 292 1844 solum
307 1778 433 1857 habere,
449 1795 481 1845 et
496 1783 592 1845 vitam
607 1782 743 1846 suaviter
754 1805 857 1868 agere.
898 1829 904 1839 ,

8 1869 9 1874 ’
119 1863 255 1940 Quando
269 1880 374 1930 autem
390 1866 554 1932 dormierit
568 1890 587 1931 a
602 1867 676 1932 virro
690 1886 864 1953 superatus,

119 1951 235 2015 Romus
249 1951 328 2016 oleae
343 1952 472 2038 quidam
486 1966 533 2016 est
546 1955 580 2016 in
594 1953 728 2031 aedibus,

116 2035 217 2112 Quem
233 2059 308 2102 ensc
321 2035 383 2101 hoc
397 2059 512 2102 acuens
526 2052 715 2118 extremum,

117 2123 154 2186 ln
169 2124 272 2210 ignem
289 2123 469 2208 imponam:
493 2139 522 2188 et
538 2123 653 2190 deinde
668 2127 795 2210 quando
809 2128 971 2193 incensum

115 2209 230 2273 Videro
246 2210 357 2295 ipsum,
375 2209 487 2275 tollens
501 2211 675 2287 ardentem,
691 2213 723 2276 in
739 2211 875 2278 mediam
891 2215 1021 2280 inieram

115 2295 143 2358 C
164 2294 262 2380 clopis
276 2295 422 2373 frontem,
439 2311 471 2361 et
484 2297 610 2362 oculum
625 2297 699 2384 igne
714 2319 857 2364 cremans
871 2323 1064 2366 consumam.

113 2317 278 2446 [dautem
294 2382 318 2444 si
334 2382 405 2469 quia
419 2383 468 2447 vir
481 2382 568 2447 navis
585 2385 736 2449 fabricam
752 2383 956 2473 compingens

111 2469 248 2532 Duobus
261 2467 338 2532 loris
353 2469 510 2534 terebrum
527 2471 634 2556 agitat,
872 2546 877 2560 ⁸
1048 2481 1111 2540 460

111 2554 167 2620 Sic
181 2554 419 2620 circumvertam
435 2567 552 2620 torrem
567 2556 599 2620 in
615 2555 749 2622 lucifero

110 2639 140 2704 C
162 2640 261 2725 clopis
276 2639 380 2719 oculo,
396 2653 428 2704 et
442 2640 605 2706 arefaciam
622 2642 784 2726 pupillam.

24 2747 97 2792 cuo.
108 2663 173 2808 (ld,
190 2726 249 2808 io.)
262 2727 397 2814 gaudeo,
414 2727 585 2790 insanimus
600 2727 661 2792 hoc
675 2730 814 2792 invento.

24 2831 96 2879 carr.
108 2811 154 2878 Et
169 2811 285 2878 deinde
299 2826 331 2877 et
346 2826 377 2876 te
391 2826 421 2878 et
436 2813 552 2876 amicos
566 2825 597 2876 et
611 2834 715 2876 senem

106 2899 148 2964 ln
163 2900 253 2964 navis
266 2902 368 2987 nigrae
382 2920 492 2964 cavam
507 2899 674 2983 imponens
688 2899 848 2984 scapham,

101 2985 299 3070 Duplicibus
314 2986 409 3051 remis
425 3007 462 3048 ee
475 2983 535 3049 hac
549 2985 704 3050 deducam
719 2999 811 3050 terra

16 3091 92 3136 cuo.
107 3071 239 3135 Fierine
254 3073 351 3159 igitur
389 3085 478 3149 otest,
496 3084 540 3150 ut,
557 3085 706 3158 tanquam
722 3087 793 3158 post
807 3071 989 3136 libationem
1006 3084 1089 3151 exta,

101 3157 150 3222 Et
164 3179 228 3244 ego
242 3093 506 3242 comprelendam
522 3175 732 3223 excaecantem
748 3158 856 3223 oculos

99 3243 245 3308 Turrem
257 3248 268 3308 l
293 3245 388 3309 caedis
403 3245 487 3308 enim
502 3244 596 3331 hujus
610 3245 765 3331 particeps
779 3267 845 3308 esse
858 3245 941 3310 volo.

12 3347 86 3396 usu.
100 3330 250 3414 Oportet
273 3345 374 3394 certe:
401 3331 476 3416 quia
498 3353 631 3418 magnus
654 3331 824 3408 entonis,
847 3355 940 3417 quem
967 3345 998 3397 te
1021 3332 1114 3397 simul

194 3415 460 3502 comprehendere
475 3430 609 3500 oportet.
1047 3426 1111 3488 470

9 3522 83 3568 cuo.
96 3503 242 3588 Quippe
256 3503 304 3567 vel
319 3513 445 3568 centum
462 3503 674 3587 plaustrorum
691 3505 832 3569 tollerem
849 3526 939 3578 onus,

95 3589 136 3654 Si
156 3588 313 3674 Cyclopis
328 3589 410 3654 male
424 3591 554 3673 perituri

92 3674 259 3752 Oculum,
276 3688 427 3762 tanquam
444 3675 739 3760 nidum-vesparum
751 3677 905 3762 possimus
919 3674 1045 3740 elidere.

10 3761 347 3828 ruu.'1'acetenunc:
372 3761 480 3826 dolum
495 3763 577 3826 enirn
595 3765 674 3827 scis:

89 3847 143 3914 Et
160 3847 297 3934 quando
305 3847 436 3933 jubebo,
453 3847 630 3912 architectis

88 3935 244 4010 Parete3
266 3934 423 4022 egoenim
441 3935 513 3998 viris
530 3934 644 3998 relictis
658 3934 771 4010 charis,

84 4019 169 4096 Qui
187 4021 277 4084 intus
291 4034 374 4097 snut,
390 4041 453 4083 non
470 4021 553 4084 solus
569 4020 728 4084 servabor.
812 4021 816 4026 ’

83 4107 301 4192 Quanquam
319 4127 442 4190 possem
456 4105 604 4190 effugere,
620 4105 724 4190 etjam
739 4125 882 4189 egressus
895 4125 965 4168 sum
977 4125 1017 4168 ex
1028 4103 1112 4168 antri

191 4191 428 4278 penetralibus:

81 4277 166 4343 Sed
184 4300 253 4343 non
270 4289 315 4344 est
328 4299 456 4364 oequum
471 4301 526 4354 me,
542 4277 698 4425 dprelictis
714 4277 790 4340 meis
805 4276 922 4352 amicis,
1030 4325 1035 4332 .

530 4385 549 4428 s
590 4373 609 4427 2
