2862 4864
339 203 591 276 mutentur
615 207 663 274 IN
687 203 873 276 Ttttttls.
1091 219 1154 279 885

154 383 185 450 0
200 383 521 466 dominePsiremon,
535 383 682 450 sis-uobis
697 385 861 470 propitius,
1091 397 1155 454 960

156 471 227 536 Sive
240 469 274 534 in
289 469 396 535 littore
410 470 523 536 sedetis
538 491 603 548 ros,
619 461 759 548 Gemini,
776 471 890 536 Castor
903 486 935 536 et
953 471 1075 552 Pollux,

155 557 227 622 Sive
242 555 341 620 Nesei
354 554 452 620 chere
465 577 618 644 propago,
656 558 687 621 ni
702 579 889 644 generosum

154 641 273 708 Gennit
289 643 517 730 quinquaginta
535 579 706 708 Nerethtm
721 642 866 709 chorum.

156 727 246 794 Alius
260 749 336 793 vero
349 727 478 814 quidem
496 749 602 805 venus,
619 729 779 814 impietate
793 732 909 806 nuder,

158 813 239 880 Risit
254 815 311 878 isos
323 835 445 900 preoes,
455 827 631 901 usumque
645 814 813 904 naufragos

157 900 275 966 Sedere
289 901 324 964 in
337 921 432 986 specu
447 915 533 964 metu
549 904 647 966 nostri
661 901 758 966 moris
772 901 861 978 dixit,

158 988 341 1064 Audientes,
356 984 442 1071 quod
457 985 509 1052 hio
523 1001 695 1052 mactemus
709 987 856 1073 hospites.

158 1073 250 1138 Visus
263 1083 368 1137 nutem
385 1073 434 1136 iric
448 1085 495 1138 est
510 1086 594 1138 recte
607 1073 719 1138 dixisse
734 1074 891 1160 plerisque
905 1085 1058 1154 nostrum,

161 1158 200 1224 Et
212 1157 322 1224 reneri
338 1157 419 1223 Dete
432 1159 575 1224 victimer
588 1159 731 1234 usitatius
747 1162 846 1224 visum
862 1173 918 1224 est.

159 1241 285 1310 Interes
300 1265 374 1308 vero
388 1266 499 1329 rupem
513 1243 593 1310 aiter
605 1246 846 1333 peregrinorum
860 1245 1048 1332 relinquens.
1093 1253 1157 1314 270

161 1331 265 1408 Stetit,
279 1342 437 1416 caputque
450 1333 606 1416 quassavit
620 1353 754 1410 sermm,
770 1343 799 1398 et
812 1331 960 1398 deorsum

161 1413 202 1482 Et
216 1416 374 1516 ingemuit
385 1430 522 1482 tremens
535 1439 673 1482 summes
687 1419 786 1494 ulnas,

162 1501 288 1568 intente
303 1501 416 1578 furens,
432 1519 463 1568 et
478 1503 634 1568 oiomabnt
647 1504 728 1570 sicut
741 1517 890 1570 venator:

162 1587 290 1674 Pyhtde,
307 1587 393 1652 rides
408 1588 512 1653 huno?
534 1589 616 1654 hene
630 1611 704 1654 vero
718 1613 782 1654 nun
798 1591 883 1656 vides

164 1675 339 1742 inferorum
353 1675 544 1752 dmosenem,
559 1689 595 1740 ut
610 1697 660 1740 me
674 1677 739 1742 ruit
755 1677 940 1753 interfluere,

163 1759 339 1828 Horrendis
354 1761 468 1847 viperis
482 1763 515 1824 in
531 1783 581 1826 me
596 1783 690 1827 ruens
705 1763 877 1828 instructu?

162 1847 268 1914 Altera
282 1867 357 1912 vero
371 1846 494 1934 spirens
508 1847 610 1936 ignem
627 1871 668 1912 ex
682 1845 825 1913 saucibus
839 1862 870 1913 et
884 1867 991 1912 necem

165 1933 311 2022 Remiget
324 1933 392 2011 niis,
407 1951 539 1998 matrem
556 1955 657 1998 meam
673 1937 706 1998 in
721 1933 803 1998 uinis

163 2018 300 2097 Tenem,
315 2035 348 2084 et
361 2041 486 2086 sexeum
502 2019 616 2084 molem
632 2035 667 2084 ut
682 2019 799 2106 injiciet
814 2019 902 2085 mihi.

164 2105 225 2172 Hei
248 2105 346 2258 ωέὴίἒ
370 2105 535 2192 interficiet
557 2127 623 2170 me:
647 2127 711 2192 quo
734 2103 1031 2195 inginmi-iioebet
1052 2119 1157 2170 autern

247 2193 276 2256 vi
302 2215 355 2258 ere
1096 2199 1160 2256 280

165 2277 238 2343 Nou
253 2278 379 2344 eusdem
394 2280 522 2344 terroris
535 2279 662 2365 speeies,
678 2279 732 2344 sed
747 2277 869 2342 seriens
884 2277 997 2342 edebat

165 2363 327 2452 Sonsrsque
342 2365 522 2444 vitulorum,
537 2381 570 2431 et
584 2387 697 2430 cunum
713 2365 855 2441 latratus,

163 2449 251 2526 Ques
265 2451 457 2518 imitationes
471 2475 571 2518 uocum
585 2453 674 2516 nitent
688 2453 830 2517 emittere
846 2451 968 2516 Furius.

165 2535 230 2601 Nos
244 2559 321 2602 vero
335 2551 421 2602 rnetn
435 2539 601 2615 contracti,
616 2553 765 2625 tunquam
781 2538 935 2614 morituri,

165 2621 276 2688 Tseite
290 2623 491 2690 sedehemusr
514 2625 566 2688 ille
580 2647 655 2688 vero
670 2646 766 2690 manu
781 2623 924 2688 districto
937 2621 1055 2709 gladio,

164 2707 289 2774 Vituios
305 2732 398 2774 ruens
411 2711 445 2773 in
461 2710 590 2788 medios,
607 2733 664 2776 ceu
678 2711 738 2788 leo,

164 2795 269 2860 cedit
282 2795 377 2872 ferro,
393 2795 446 2860 ilis
461 2797 492 2860 iu
509 2797 572 2862 iste
585 2797 721 2874 mittem,

165 2879 358 2948 Existimant
375 2883 485 2948 Furias
501 2883 586 2948 Deus
600 2905 634 2948 se
646 2898 723 2948 tnnc
738 2881 931 2968 propulsare,

167 2968 256 3034 Adeo
273 2981 308 3032 ut
321 2985 453 3034 cruente
466 2991 578 3053 spuma
590 2983 760 3054 emergeret
774 2991 815 3033 ex
830 2971 919 3032 meri.

165 3053 290 3120 luteres
304 3077 379 3120 vero
393 3055 606 3142 unnsquisque
620 3057 674 3120 ubi
690 3056 792 3120 ridet·
1098 3057 1164 3118 090

167 3139 327 3208 Cedentes
340 3155 372 3205 et
387 3154 522 3206 vastatos
536 3140 632 3206 boum
646 3163 772 3231 greges,
786 3139 978 3219 nrmnhetur,

168 3224 210 3290 Et
224 3225 363 3292 oonches
378 3228 499 3304 inflans,
516 3240 547 3292 et
561 3249 757 3316 congregans
772 3227 950 3316 indigenas:

166 3311 248 3376 Num
262 3311 412 3378 sdversus
425 3333 607 3401 generosos,
622 3328 654 3378 et
669 3315 813 3379 robustos
826 3313 964 3398 hospites

167 3397 328 3464 invalidos
341 3420 451 3486 pugne
464 3398 532 3463 fore
541 3413 687 3486 ¹puutores
701 3401 899 3486 putabamus.

167 3483 266 3550 Multi
281 3485 382 3575 igitur
395 3485 599 3551 convenimus
612 3488 729 3570 exiguo
744 3499 894 3570 tempore.

167 3571 265 3638 cedit
277 3585 383 3641 sutem
399 3571 528 3636 remisso
543 3572 670 3638 stimulo
684 3570 801 3638 furoris
814 3571 939 3657 hospes,

166 3655 305 3722 Mantus
318 3681 432 3744 spumn
447 3672 603 3724 mentum:
627 3672 663 3724 ut
676 3681 752 3724 vero
767 3657 903 3722 vidimus
918 3677 980 3721 rest

166 3741 345 3810 Commode
360 3745 446 3810 notis
460 3743 617 3823 cecidisse,
633 3745 735 3808 omnis
750 3745 799 3808 vir
811 3744 982 3831 setsgebet‚

165 3828 304 3908 inciens,
319 3831 465 3916 pulsans:
489 3831 569 3896 eiter
583 3853 658 3896 vero
673 3831 830 3916 hospitum

167 3917 387 4003 Spumnmque
399 3917 593 4004 detergebst,
608 3919 812 4004 corporisque
826 3937 933 3982 curem
949 3911 1079 4000 gerebat
1106 3919 1171 3978 800

167 4001 377 4090 vestiumque
390 4003 602 4070 bene-testam
617 4003 711 4068 telem
726 3999 956 4089 pretendebat,

166 4089 353 4156 Obserrens
367 4090 495 4177 quidem
510 4103 603 4156 eunte
617 4090 769 4156 venientis
784 4088 923 4167 vulnero,

164 4176 316 4242 Amicum
336 4199 411 4242 roro
426 4177 529 4242 virum
543 4177 654 4242 officiis
670 4177 750 4240 hene
765 4197 889 4240 eureos.
1000 4193 1004 4198 ·

168 4261 291 4328 Mentis
306 4285 381 4328 vero
394 4285 526 4350 compos
541 4261 641 4330 fectus
655 4261 781 4348 hospes,
797 4284 836 4328 ex
852 4262 941 4348 iopen
952 4259 1016 4326 eito
1030 4273 1173 4339 surgens,
