2888 4856
275 195 338 253 624
657 189 984 262 EURIPIDIS

178 433 183 440 .
357 359 420 428 Sed
435 360 541 425 timuit
555 383 595 426 ue
609 360 780 428 liberorum
794 363 881 428 caede
895 364 954 430 sibi
968 367 1120 432 conflaret
1133 369 1348 440 undumso

357 446 410 513 Ob
424 445 480 512 bas
495 446 592 534 igitur
606 469 712 513 coruus
724 449 786 514 tale
799 449 876 538 quid
889 452 1085 518 machinatus
1098 467 1147 520 est

357 532 541 622 AEgisthus:
564 531 620 634 qui
657 533 760 600 uidem
776 558 817 601 ex
832 537 888 601 hoo
901 560 980 626 agro
992 537 1133 606 disemis
1147 541 1225 606 exul

357 623 602 722 Agamemnonis
623 619 714 698 fi'ua
735 642 847 686 aurum
866 625 1011 708 promisit
1031 628 1071 702 ei,
1087 627 1142 712 qui
1163 627 1348 694 interfecerit

354 727 549 857 Nobibpiuernd
554 791 622 892 jam
635 791 723 858 dedit
738 791 896 858 Electrum
909 809 946 860 ut
960 817 1027 860 eoru
1040 795 1212 862 babeamus

356 877 510 954 Uxorem,
526 897 580 964 qur
594 897 635 942 ex
647 877 829 964 parentibus
842 879 970 967 quidem
987 880 1161 970 Mycenaeis

356 963 432 1029 Nati
445 985 550 1029 sumus
558 985 670 1029 r-neo
683 965 767 1029 euim
781 963 842 1029 bac
855 967 890 1030 iu
901 977 990 1049 porte
1003 967 1195 1058 redarguor:

356 1049 442 1116 Clari
457 1049 541 1115 euim
554 1071 669 1138 genere
681 1050 809 1137 quidem
821 1073 928 1131 uerus,
943 1054 1085 1139 pecuniis
1099 1057 1251 1142 verojaru

356 1137 513 1222 Pauperes
525 1157 633 1213 mua
647 1134 723 1202 bino
739 1135 895 1202 Nobilitas
908 1139 991 1224 perit
998 1163 1051 1204 :—
1085 1183 1094 1194 ·

352 1222 410 1300 Ut,
426 1222 512 1289 tenui
525 1220 614 1300 dans,
627 1235 752 1288 tenuem
766 1221 897 1288 baberet
910 1239 1039 1290 metum.

354 1308 389 1376 Si
402 1309 486 1373 euim
499 1307 595 1394 ipsam
612 1308 769 1374 habuisset
782 1308 935 1398 dignitate
951 1311 1101 1396 preditus
1116 1313 1173 1390 vir,
1303 1321 1343 1376 40

353 1395 496 1480 sopitam
509 1395 669 1460 excitasset
684 1396 932 1478 Agamemnonis

353 1479 492 1558 eadem,
507 1501 677 1567 poeuusque
692 1479 861 1569 AEgistbua
870 1492 946 1546 tuno
960 1481 1104 1548 dedisset.

350 1566 468 1717 0⁰⁸¹}
484 1567 635 1632 Electrum
659 1587 821 1654 nunquam
846 1566 894 1631 vir
918 1567 1016 1646 hicce,
1041 1570 1169 1634 conscia
1192 1583 1239 1634 est
1267 1567 1342 1632 ruibi

468 1674 554 1730 auus,
1199 1660 1222 1710 x

353 1739 459 1806 cubiti
475 1737 602 1824 polluit:
625 1737 679 1803 sed
693 1737 797 1802 adbuc
811 1739 901 1824 virgo
913 1755 1029 1806 manet.

353 1825 513 1892 Erubesco
526 1825 610 1890 euim
624 1823 787 1889 beatorum
801 1824 940 1890 viromm
954 1826 1068 1892 liberos

352 1913 471 1979 Nactus
485 1910 602 1975 violare
615 1931 672 1988 eos,
687 1931 759 1975 curu
775 1932 839 1974 uon
854 1913 912 1975 sim
926 1911 1051 2001 dignus.

349 1997 494 2083 Deploro
506 2009 609 2063 autem
625 1995 726 2062 verbis
740 1995 890 2062 affinitate
897 1999 1044 2084 junctum
1059 1997 1138 2063 mibi

351 2083 506 2150 Miserum
522 2083 678 2160 Orestem,
693 2083 719 2146 si
734 2103 883 2169 unquam,
896 2087 999 2172 Argos
1012 2105 1163 2161 reversus,

350 2171 487 2258 Nuptias
501 2170 615 2235 sororis
629 2167 766 2234 infelices
779 2169 919 2254 aspiciet.

351 2257 541 2358 Quicunque
554 2277 630 2321 vero
652 2277 703 2320 me
723 2253 852 2320 stultum
875 2277 942 2320 esse
962 2255 1049 2333 dicit,
1065 2257 1151 2343 quod
1170 2277 1241 2322 cum
1255 2241 1338 2320 re'oe
1428 2317 1429 2370 p

348 2365 665 2516 Juverigbniirguiern
680 2429 713 2492 iu
728 2427 812 2494 aedea
825 2451 888 2493 uon
902 2428 1065 2518 attingam,
1081 2432 1110 2493 r's
1297 2349 1338 2408 ω
1428 2385 1429 2389 ¹

350 2514 469 2580 Mentis
484 2535 588 2598 praue
602 2513 709 2597 regula
723 2535 757 2578 se
773 2514 873 2579 metiri

148 2669 153 2682 ,
349 2601 579 2666 Contiueutiam
594 2599 682 2676 sciat,
697 2621 792 2686 seque
805 2599 899 2664 talem
913 2621 988 2664 esse.

262 2686 549 2766 monarcus,
564 2707 729 2752 aureorum
744 2698 901 2752 astrorum
917 2701 1026 2762 mater,

349 2773 387 2839 lu
402 2794 466 2860 qua
479 2773 540 2838 hoc
554 2795 607 2838 vas
620 2769 695 2836 huic
709 2770 892 2836 incumbens
905 2771 1000 2858 capiti

349 2859 466 2926 Fereus
479 2857 580 2924 sontes
593 2858 758 2922 flumineos
773 2872 857 2940 peto,

348 2945 422 3012 Non
438 2944 565 3034 quidem
580 2944 664 3030 quod
679 2943 721 3010 ad
734 2956 853 3010 tanum
868 2943 1005 3028 inopiam
1021 2963 1090 3008 auru
1104 2945 1238 3020 redacta,

348 3031 410 3098 Sed
424 3045 462 3096 ut
476 3029 615 3119 AEgisthi
631 3028 851 3095 coutumeliam
866 3029 1067 3094 ostendamus
1077 3027 1161 3106 Diis,

346 3117 391 3182 Et
403 3117 639 3182 lamentationes
652 3117 685 3180 iu
700 3115 837 3200 amplam
851 3115 999 3182 tetberem
1014 3117 1123 3180 emitto
1136 3117 1230 3200 patri.

347 3203 407 3269 Illa
420 3204 503 3268 snitu
517 3203 692 3290 perniciosa
707 3201 874 3288 Tyndaris,
889 3217 988 3266 mater
1002 3222 1082 3278 mea,
1294 3207 1336 3264 60

347 3289 449 3376 EJecit
462 3311 514 3354 me
527 3311 567 3354 ex
583 3287 713 3364 sedibus,
727 3288 906 3376 gratificans
919 3287 1034 3351 marito
1046 3309 1117 3352 suo:

346 3375 432 3454 Quia
444 3375 528 3440 euim
543 3373 621 3440 alios
634 3375 749 3440 liberos
762 3375 846 3458 apud
861 3371 1044 3461 AEgistbum
1059 3373 1182 3459 peperit

346 3462 490 3526 Orestem
505 3475 537 3528 et
552 3483 602 3526 tue
614 3460 731 3526 alienos
745 3482 765 3525 a
777 3459 874 3526 doruo
887 3461 984 3525 ducit.

260 3571 332 3618 cor..
345 3547 413 3614 Cur
427 3569 510 3628 vero,
528 3548 560 3612 O
573 3546 692 3624 infelix,
708 3545 778 3610 brec
791 3549 824 3610 in
838 3567 939 3610 meam
955 3546 1089 3634 gratiam
1104 3543 1236 3622 laboras,

346 3633 486 3700 Labores
499 3634 662 3710 sustineus,
676 3635 764 3719 prius
777 3630 908 3698 delicate
923 3631 1050 3710 nutrita,

345 3719 399 3798 Er,
414 3719 483 3786 brec
497 3740 548 3785 rue
557 3719 697 3806 jubente,
713 3739 778 3782 nou
789 3717 932 3784 desistis?

261 3827 335 3874 '²¹‘
344 3805 1170 3957 ffitrtltaelttltttttlltmmm

343 3977 383 4044 M
426 3999 466 4044 ua
479 4000 553 4044 vero
567 3977 752 4043 mortalibus
765 3989 809 4042 est
822 3977 959 4054 felicitas,
975 3973 1116 4040 adversar
1128 3975 1263 4042 furtum

343 4061 384 4130 M
424 4063 506 4130 icum
522 4065 684 4142 iuvenisse,
697 4077 732 4130 ut
746 4085 807 4166 ego
820 4077 851 4128 te
863 4063 994 4147 accipio
1291 4067 1331 4128 tu

343 4148 482 4234 Oportet
496 4151 592 4240 igitur
606 4171 656 4216 rue
671 4149 719 4216 vel
733 4151 891 4300 iupussam,
906 4169 967 4233 pro
979 4147 1108 4228 viribus,

344 4234 469 4300 Labore
482 4251 514 4302 te
527 4237 692 4318 levantem,
707 4249 742 4302 ut
767 4235 875 4302 acilius
888 4233 979 4312 ferus,
