2802 4858
476 191 715 300 unone

137 407 176 474 Et
189 405 243 471 ille
256 426 321 470 non
336 415 384 470 est
397 406 515 472 amicus
529 407 578 472 bis
593 407 724 474 edibus.

71 497 254 562 tenrlcmm
268 503 315 557 est
329 491 425 580 igitur
438 491 479 556 de
494 491 595 571 nobis,
611 495 636 558 si
651 494 804 560 eddanum
818 493 936 560 melum

136 581 261 647 Novum
274 578 381 654 veteri,
395 578 580 664 priusquam
594 579 673 646 illud
688 578 871 646 exhaustum
886 580 935 646 sit.

68 669 178 732 ruunt
189 678 344 744 tu‚-nou
357 665 440 728 enim
456 667 655 733 commodum
670 681 717 732 est
730 665 799 732 boec
812 666 890 732 scire

133 751 483 836 Dominam-quiesce
496 762 529 815 et
542 752 644 832 retice,
652 753 709 817 bos
724 773 889 818 sermones.

66 839 167 905 nuno
180 837 283 915 liberi,
298 835 454 901 auditisne
468 837 568 923 qunlis
582 838 614 902 in
630 859 685 904 vos
699 839 739 903 sit
750 841 863 924 pater?
1083 845 1127 902 80

136 925 207 992 Non
222 945 335 1009 precor
349 921 475 1010 quidem
492 935 527 989 ut
540 933 665 1008 pereutr
687 937 734 990 est
748 924 831 990 enim
846 922 993 989 dominus
1006 943 1111 988 meus:

135 1009 194 1076 Sed
208 1023 315 1075 tamen
329 1009 445 1094 impius
458 1009 490 1072 in
506 1010 622 1074 amicos
636 1011 808 1078 invenitur.

65 1096 214 1173 ranuis
228 1117 303 1162 vero
316 1095 496 1160 mortalium
512 1093 601 1160 non?
615 1097 682 1179 jam
698 1119 737 1160 no
749 1118 814 1162 non
829 1095 943 1161 novisti
958 1094 1030 1174 hoc,

135 1181 231 1259 Quod
247 1181 378 1268 quisque
392 1203 426 1247 se
440 1182 542 1267 ipsum
557 1183 656 1269 magis
671 1205 766 1270 quam
781 1183 961 1268 proximum
976 1193 1068 1260 amet,

133 1269 197 1334 Alii
212 1267 340 1354 quidem
349 1269 445 1354 juste,
461 1267 514 1332 elii
527 1290 601 1333 vero
615 1269 708 1334 etiam
723 1281 860 1355 quoestus
895 1267 986 1346 rotie,

135 1355 337 1527 Quiddqq'x
351 1356 455 1486 igitur⁹
462 1355 488 1418 si
502 1353 560 1419 bos
573 1353 666 1420 etiem
687 1359 760 1422 novi
780 1377 885 1420 connn
908 1355 930 1420 ii
950 1375 1043 1422 cause
1060 1375 1126 1421 non

238 1441 248 1503 i
262 1441 271 1455 '
340 1451 448 1525 pater.

61 1527 325 1603 nur.lte,-intra
338 1526 481 1607 domum,
495 1525 595 1608 liberi,
610 1527 690 1592 bene
704 1527 786 1596 enim
802 1530 871 1593 erit.

133 1612 248 1699 Tuque
262 1625 334 1678 tene
347 1611 405 1678 bos
419 1634 513 1699 quam
529 1612 708 1701 longissime
722 1613 885 1692 abductos,
1081 1620 1125 1678 90

132 1701 244 1786 Neque
258 1697 396 1763 adducas
410 1699 451 1764 ad
466 1711 597 1764 matrem
614 1713 771 1766 moestam.
1103 1717 1105 1726 “

132 1785 215 1850 Nam
225 1785 293 1871 jam
307 1783 371 1848 vidi
385 1807 455 1849 eam
470 1787 577 1850 oculos
591 1785 752 1852 efferatam

132 1871 172 1936 In
185 1871 256 1948 bos,
272 1885 307 1936 ut
322 1871 440 1958 aliquid
455 1891 567 1957 parere
581 1875 775 1957 cupientem:
799 1893 900 1972 neque
914 1869 1042 1934 desistet

133 1957 185 2022 Ab
199 1958 257 2034 irs,
273 1957 353 2022 bene
366 1960 441 2034 scio,
456 1959 639 2043 priusquam
654 1955 786 2022 fulmine
799 1956 889 2022 ferret
902 1955 1048 2041 aliquem.

134 2043 265 2110 Utinam
281 2057 385 2109 temen
399 2043 544 2125 inimicis,
560 2065 623 2108 non
638 2044 746 2109 amicis
760 2042 877 2130 aliquid
891 2041 995 2108 faciet.

54 2147 112 2195 nn.
135 2127 251 2195 Inlelix
268 2152 329 2218 ego
343 2143 375 2194 et
388 2151 566 2196 aerumnosn
579 2142 710 2216 propter
722 2129 853 2208 labores,

132 2215 208 2281 Heu
224 2237 285 2292 me,
300 2237 361 2293 me,
377 2217 537 2303 quomodo
551 2214 703 2302 peream?

52 2317 126 2368 rtur.
134 2301 210 2368 Hoc
225 2301 303 2366 illud
318 2315 374 2380 est,
389 2302 476 2367 chari
491 2303 601 2367 liberi:
625 2315 724 2367 mater
829 2309 831 2314 “

131 2387 244 2454 Movet
257 2409 323 2466 cor,
339 2403 505 2476 movetque
518 2387 623 2454 bilem.

130 2475 289 2542 Festinete
302 2473 445 2540 celeriter
459 2477 542 2540 intra
555 2474 649 2552 aedes,

129 2562 242 2648 Neque
257 2561 386 2626 veniatis
401 2563 548 2647 proprius
561 2562 594 2626 in
608 2573 820 2646 conspectum,

130 2649 198 2713 Nec
213 2645 378 2726 accedetis,
393 2649 446 2712 sed
462 2657 569 2712 cavete

130 2735 259 2802 Soevum
274 2734 438 2820 impetum,
453 2746 485 2798 et
497 2731 678 2798 horribilem
694 2741 838 2798 naturam

130 2821 241 2888 Animi
253 2820 457 2885 contumacis.

129 2907 178 2972 Ite
186 2909 267 2995 jem,
283 2906 443 2991 procedite
458 2927 553 2993 quarn
567 2904 727 2970 celerrime
740 2903 834 2967 intro.

129 2993 262 3059 Certum
279 2992 363 3056 enirn
378 3002 422 3058 est
436 2994 580 3058 indicium
594 2993 634 3055 sb
648 2990 740 3054 initio
754 2989 875 3054 sublata

128 3077 240 3144 Nubes
254 3077 397 3156 e'ulatus,
413 3077 498 3166 qnod
512 3099 587 3142 mox
599 3076 797 3142 incandescet

128 3164 249 3252 Majori
264 3101 388 3230 lurore:
411 3164 486 3251 qnid
501 3162 626 3229 tandem
641 3161 733 3227 faciet

128 3250 316 3329 Iracundus,
332 3265 365 3316 et
377 3249 581 3335 implacabilis

128 3338 279 3418 Animus,
294 3337 383 3402 malis
396 3333 559 3422 punctus?

27 3425 207 3490 ntssnfleu
220 3423 285 3488 heu
301 3423 362 3489 heu
378 3423 482 3488 heu-

129 3509 227 3576 Pesaa
240 3531 311 3576 sum
327 3509 450 3586 misere,
466 3529 556 3595 prese
570 3529 639 3572 sum
655 3529 726 3596 quae
739 3507 862 3595 megnis

127 3596 238 3686 Digna
251 3607 327 3660 sunt
341 3595 502 3664 lamentis:
527 3593 559 3660 0
573 3593 743 3659 execrandi

128 3681 238 3747 Liberi
253 3681 389 3748 funestoe
403 3683 509 3746 matris
523 3682 658 3766 pereatis

128 3767 212 3834 Cum
228 3780 333 3854 petre,
348 3780 381 3833 et
391 3781 457 3832 totu
471 3766 584 3832 domus
600 3779 717 3852 pereat.

14 3853 205 3922 mutilen
219 3854 353 3920 meme!
378 3853 440 3918 beu
454 3877 500 3918 me
515 3853 676 3919 miserem!

128 3940 216 4010 Quid
230 3961 307 4006 vero
321 3941 380 4005 tibi
395 3939 452 4004 filii
466 3941 565 4025 petris
580 3953 709 4024 peccata

125 4025 352 4113 Perticipunt?
373 4049 429 4092 cur
441 4026 500 4092 hos
513 4024 633 4092 odisti?
654 4024 705 4090 bei
719 4023 807 4104 mihi,

125 4113 249 4190 Liberi,
266 4135 359 4200 quem
375 4125 490 4190 metuo,
505 4111 635 4198 nequid
652 4112 738 4176 vobis
752 4107 889 4178 occidet!

126 4201 214 4266 Soevi
228 4211 299 4266 sunt
313 4213 518 4286 tyrannorum
533 4200 669 4284 spiritus,
684 4210 717 4261 et
730 4193 963 4283 quodammodo
1065 4195 1127 4260 120

124 4287 166 4352 ln
179 4285 290 4374 paucis
304 4287 442 4374 coerciti,
456 4281 607 4375 pleraque
620 4283 807 4363 obtinentes,
