2882 4858
266 245 330 304 540

640 225 966 300 EURIPIDIS

348 402 414 468 Tot
428 401 541 477 nautis
556 421 629 464 cnm
644 399 758 486 quibus
774 411 810 464 tu
824 399 936 464 missus
949 419 991 462 ea

264 507 346 555 aurs.
352 489 521 572 Postquam
538 485 646 550 relicta
661 485 747 572 regia
761 481 821 548 bac
834 484 932 548 domo

350 574 430 640 Filia
443 571 531 638 Jovis
544 571 586 636 ad
599 593 687 635 mare
701 569 837 635 deducta
851 583 908 647 est,

347 659 547 726 Astatissimc
562 657 687 721 mollem
702 655 814 742 pedem
829 677 961 750 ponens,
977 654 1107 742 lugebat

349 745 504 812 Maritum
519 765 619 828 prope
632 757 819 828 praesentem
836 757 868 806 ct
882 763 948 806 non
962 753 1133 806 mortuum.

351 833 397 898 Ut
411 837 516 897 autem
531 829 671 894 venimus
685 831 727 892 od
740 841 867 891 tuorum
883 827 1193 912 navalium-septum,
1262 838 1337 896 1550

349 916 556 985 DetraxImus
569 937 680 980 navem
698 913 861 978 Sidoniam
876 913 1039 990 eximiam,

348 1003 575 1068 Transtrorum
590 1015 793 1066 strenuorum
832 999 1039 1087 uinquaginta
1053 997 1259 1066 dimensiones

349 1087 549 1154 Habentem:
573 1085 780 1151 laborantem
796 1083 826 1148 lu
870 1085 898 1148 ri
911 1084 1114 1150 succedebat:

349 1175 438 1240 Alius
451 1175 534 1239 enim
549 1171 679 1252 malum,
694 1170 775 1236 alius
789 1193 865 1236 vero
879 1193 1000 1236 remum
1016 1170 1190 1238 oobocabat

346 1263 391 1327 Et
405 1276 526 1325 tonsum
541 1258 693 1336 tentabat,
708 1271 740 1321 et
753 1256 826 1320 albe
840 1255 909 1322 vela
922 1257 954 1322 in
971 1257 1043 1322 navi
1056 1271 1158 1336 eraut,

346 1343 632 1430 Gubernaculaque
645 1346 721 1408 lon's
735 1342 997 1409 immittebantur.

347 1433 385 1498 In
401 1432 461 1496 boc
475 1443 579 1496 antem
595 1429 704 1492 labore
720 1449 832 1528 nempe
846 1427 909 1492 hoc
922 1429 1025 1512 ipsum
1040 1429 1248 1514 opperientes,

344 1517 414 1581 Viri
429 1516 538 1582 Graeci
556 1512 707 1579 Menelao
720 1527 852 1578 comites
866 1517 1085 1602 navigationis,

345 1604 552 1668 Accesserant
565 1600 606 1665 ad
621 1602 720 1677 littus,
735 1599 837 1665 vestiti
852 1601 1022 1686 nousrugtir

344 1689 501 1765 Vestibus,
516 1687 647 1772 speciosi
662 1685 801 1834 (pidem,
816 1685 872 1750 sed
887 1701 1015 1772 aspectu
1029 1685 1175 1772 squalidi.
1261 1692 1334 1750 1540

346 1775 429 1840 Cum
443 1787 548 1838 autem
568 1773 655 1836 Atrei
694 1772 754 1836 Iius
769 1774 778 1836 i
866 1772 973 1837 adesse
986 1772 1124 1849 vidisset,

346 1860 540 1947 Alloquutus
554 1871 611 1938 est,
626 1857 771 1922 dolosum
779 1793 908 1922 lisbium
922 1880 991 1944 prae
1006 1881 1039 1922 se
1053 1857 1170 1922 serens:

346 1946 378 2011 Ο
392 1946 508 2022 miseri,
522 1943 682 2032 quomodo
696 1967 736 2008 ex
754 1965 817 2030 qua
831 1945 903 2008 navi
918 1943 1046 2010 tandem

346 2033 459 2096 Graeca
473 2030 585 2096 venitis
600 2029 708 2094 collisa
721 2028 863 2114 scapha?

345 2119 431 2182 Num
446 2139 510 2182 nna
524 2139 557 2180 se
597 2115 679 2180 lictis
693 2115 794 2179 filium
810 2117 902 2180 Atrei
915 2129 1090 2196 mortuum,

344 2201 449 2278 Quem
466 2202 535 2268 baec
572 2202 613 2266 lia
629 2200 774 2288 Tyndari
790 2201 951 2266 absentem
965 2199 1098 2286 sepelit?

343 2287 394 2352 lili
409 2310 495 2368 vero,
509 2287 684 2354 emittentes
699 2287 853 2373 lacrymas
867 2310 924 2374 per
938 2288 1182 2365 simulationem,

342 2373 507 2438 lunarem
523 2373 658 2450 iverunt,
675 2370 825 2438 Menelao
840 2397 889 2438 res
904 2374 1090 2462 mergendus
1105 2375 1138 2438 in
1153 2395 1239 2440 mare

343 2459 507 2524 Ferentts:
531 2459 622 2522 nobis
637 2469 744 2522 autem
759 2458 831 2524 brec
844 2460 973 2546 quidem
987 2473 1077 2526 erant
1090 2473 1241 2546 suspecta,

341 2543 384 2610 Et
398 2543 439 2610 da
453 2543 514 2610 boc
528 2543 610 2608 inter
625 2564 682 2608 nos
695 2543 966 2632 colloquebamur,
980 2559 1142 2612 sectorum
1259 2551 1330 2609 1⁵50

342 2629 440 2708 Quod
455 2651 570 2716 arogno
585 2628 755 2696 multitudo
770 2643 867 2695 esset:
891 2631 946 2696 sed
959 2645 1065 2696 tamen
1081 2631 1270 2706 tacebamus,

343 2715 512 2782 Serrantes
527 2730 581 2781 trra
596 2715 765 2780 mandatae
789 2739 924 2800 preesse
938 2719 1022 2782 eninr
1038 2719 1111 2782 nari

340 2801 461 2866 lubens
476 2801 497 2866 h
556 2803 629 2866 item
646 2803 842 2866 conturbasti
858 2803 929 2867 baec
943 2805 1062 2870 omnia.

343 2885 387 2950 Et
400 2887 461 2951 alia
475 2887 529 2974 qui
553 2909 602 2952 cm
617 2889 725 2952 omnia
734 2889 802 2973 jam
818 2888 910 2954 facile
925 2889 956 2953 iu
972 2891 1077 2955 navim

343 2971 595 3056 Imposueramus
610 2973 682 3038 laete
696 2973 875 3039 incedentia
887 2998 896 3050 ;
920 2977 1064 3040 taurinus
1078 2997 1219 3062 veropea

343 3057 416 3122 Non
432 3057 556 3124 volebat
571 3060 611 3124 at
624 3061 709 3124 ouria
723 3059 863 3124 tabulam
878 3061 1030 3126 accedere
1043 3075 1148 3128 rectus
1161 3073 1264 3146 eaput,

342 3141 405 3208 Sed
420 3145 580 3232 mugiebat
594 3145 836 3228 circumagimus
850 3147 969 3224 oculos,

343 3227 384 3292 Et
399 3249 535 3294 cursans
548 3247 673 3318 tergum
689 3245 721 3294 et
735 3231 865 3316 oblique
879 3249 971 3296 tuens
986 3235 1017 3296 in
1033 3255 1164 3308 cornua,

341 3313 478 3378 Artebat
492 3337 550 3380 nos
564 3339 605 3380 ne
618 3317 853 3416 attingeremus.
900 3318 949 3384 lbi
965 3341 1042 3384 vero
1055 3321 1187 3384 maritus
1204 3317 1325 3384 Helm

339 3397 490 3464 vocarit:
514 3401 547 3466 Ο
561 3402 648 3478 socii,
664 3423 719 3486 qm
734 3401 1045 3488 Trojamevcrtistia,
1260 3409 1333 3468 1560

340 3482 415 3548 Non
430 3485 479 3584 eja
493 3487 697 3572 corripientes
710 3509 800 3552 more
816 3489 1008 3556 Graecorum

338 3569 537 3636 Juvenrlibus
552 3571 692 3638 humeris
706 3575 869 3640 taurinum
884 3597 1000 3662 corpus

341 3653 380 3718 ln
394 3675 522 3738 proram
537 3659 721 3744 conjicietis,
736 3673 768 3724 et
782 3661 876 3726 simrd
888 3685 995 3728 ensem
1091 3719 1098 3732 .
1132 3709 1137 3718 ·

341 3737 492 3806 Paratum
506 3757 608 3808 serrat
625 3745 787 3808 victimam
804 3747 957 3812 mortuo?

341 3823 390 3888 lili
405 3847 490 3902 reru,
506 3829 666 3894 uenientes
680 3831 719 3894 ad
737 3833 815 3896 mm
829 3833 1096 3912 adironmionem,
1111 3837 1321 3922 corripuerunt
1411 3881 1412 3914 ,

338 3907 483 3976 Taurum
497 3929 528 3978 ct
543 3917 677 3980 terentes
690 3917 909 4001 imposuerunt
925 3922 957 3984 in
973 3921 1096 3986 tabulas
1111 3923 1209 3986 naris.

341 3991 506 4062 Menelaus
521 4022 597 4064 vero
609 4000 793 4068 demulcens
806 4005 924 4070 collum
939 4009 1105 4092 equinum,

340 4075 382 4140 Et
398 4075 544 4158 frontem,
560 4085 662 4151 eflicit
676 4101 711 4152 ut
726 4089 860 4154 intraret
875 4094 994 4156 nerim.

338 4160 484 4228 Tandem
499 4189 574 4234 tero
587 4189 755 4258 postquam
771 4179 860 4240 navis
877 4180 1008 4264 recepit,

341 4244 480 4328 lurplens
494 4255 591 4318 stelas
607 4255 746 4324 lumroso
760 4265 841 4346 pede
1262 4263 1333 4326 1570
