2852 4862
264 219 327 288 tlt
651 209 981 280 EURIPIDIS

350 382 433 448 huot
445 404 467 447 a
480 382 541 448 tuis
555 381 654 451 oculis

352 470 485 559 Nigrum
500 469 534 532 in
550 471 655 539 navim

350 555 486 622 Masinis
500 555 595 620 remis

352 647 420 708 Ant
433 643 465 706 in
481 641 674 708 Salaminem
687 663 825 722 sacram,

349 730 417 794 Aut
432 731 464 793 in
478 727 630 792 bimarem
647 727 794 794 verticem

350 813 474 892 Iatbmi,
488 813 544 878 ubi
558 813 659 898 portis

352 901 478 986 Pelopis
492 900 591 1001 aperit
605 899 703 964 sedes.

351 987 484 1054 Utinam
499 1008 532 1050 m
546 1007 657 1052 navens
677 985 816 1050 Menelai
1214 999 1288 1075 (ω,
1303 997 1343 1076 2.)

258 1090 261 1101 “
352 1075 417 1139 Per
431 1070 570 1137 medium
585 1069 715 1159 pelagus
729 1085 868 1158 eanum,

350 1158 644 1226 Bisulcnsssceriu
659 1157 796 1224 mediam
809 1179 921 1224 navam
932 1159 1051 1226 incidat
1267 1175 1344 1232 1090

349 1247 437 1312 Iovis
452 1245 544 1332 AEgei
560 1243 723 1332 fukurans
737 1243 828 1332 ignis,
843 1243 976 1312 fulmine
990 1249 1145 1316 minutis.

351 1331 403 1397 Ex
420 1331 479 1396 llio
494 1330 569 1417 quia
582 1352 634 1394 me
647 1331 782 1394 multum
796 1330 1022 1418 lacrymantem

350 1417 507 1484 Ancillam
523 1417 660 1482 Graeciae
673 1437 714 1482 ex
726 1418 829 1502 patris
842 1417 942 1486 effert.

351 1505 457 1568 Aurea
470 1524 546 1568 sero
560 1501 696 1588 specula,
711 1503 868 1591 virginum

347 1589 497 1666 Delicias,
515 1588 609 1654 habet

348 1675 435 1742 Jovis
450 1674 541 1740 filiae:
566 1697 668 1762 neque
682 1697 822 1762 unquam
837 1677 869 1740 ia
884 1687 999 1742 terram

350 1762 516 1828 Perveniat
531 1761 714 1844 Lacaenam,
732 1784 788 1828 nec
803 1762 835 1828 in
844 1762 982 1848 patrium

349 1847 381 1914 Τ
382 1847 543 1912 halamum
559 1846 663 1926 Laris,

349 1933 418 2000 Neo
432 1937 466 1998 in
484 1935 594 1999 urbem
611 1933 747 2010 Pitanos,

348 2021 417 2086 Nec
431 2023 473 2086 ad
486 2019 576 2085 meeis
590 2022 690 2105 postis
704 2019 857 2086 munitam
872 2019 988 2098 Deam,
1269 2035 1342 2094 noo

347 2103 496 2172 Dedecus
509 2128 550 2171 ex
564 2104 705 2172 infaustis
718 2105 836 2192 nuptiis
850 2105 989 2172 conflans

348 2192 486 2260 Gracia
502 2214 637 2279 magnae,

347 2278 546 2346 Simoenticis
560 2301 634 2344 vero

345 2365 482 2432 Miseros
495 2364 600 2431 clades
613 2363 756 2430 fluentis!

345 2455 392 2530 Io,
408 2451 451 2529 io,

345 2538 430 2603 Novi
444 2560 516 2602 cum
534 2538 622 2602 novis
635 2537 820 2602 commutati

344 2624 462 2690 Patriae
475 2647 576 2689 casus.
620 2622 735 2689 Videte
748 2622 961 2708 Trojanonam

345 2711 476 2777 Miserae
490 2710 650 2796 conjuges,
665 2708 752 2774 hunc
765 2713 960 2795 Astyanacta

344 2796 523 2876 Mortuum,
538 2818 631 2883 quem
642 2796 730 2882 jactu
744 2794 825 2860 tristi
838 2795 879 2860 de
895 2795 1035 2861 turribus

345 2882 573 2950 Interfecerunt
588 2882 709 2947 Graeci.
1261 2895 1341 2952 1110

257 2991 329 3042 m„
339 2970 372 3035 0
388 2969 536 3047 Hecuba,
554 2991 652 3034 unum
666 2968 753 3032 navis
768 2969 934 3056 remigium
949 2967 1036 3055 quod
1049 2968 1206 3058 reliquum
1220 2985 1279 3052 est,

344 3055 481 3143 Reliqua
493 3055 594 3142 spolia
610 3053 749 3120 Achillei
762 3055 829 3120 nati

342 3141 395 3210 Ad
410 3141 518 3208 littora
533 3140 715 3207 Phthiotica
730 3139 850 3205 deferre
864 3153 972 3222 paratz

343 3229 417 3313 lpse
427 3248 501 3292 vero
517 3227 744 3313 Neoptolemus
758 3226 899 3302 decessit,
915 3248 1012 3290 novas
1026 3229 1177 3326 quasdam

343 3313 541 3379 calamitates
559 3311 643 3376 Pelei
658 3334 730 3378 cum
745 3313 922 3390 audivisset,
937 3311 1024 3398 quod
1039 3335 1146 3398 ipsum
1160 3337 1199 3382 ex
1213 3320 1314 3403 petiis

342 3401 478 3489 Ejecerit
493 3400 627 3465 Acastus
644 3397 741 3464 Pelias
755 3398 849 3463 filius.

342 3487 442 3575 Cujus
456 3507 551 3551 eausa
563 3485 668 3566 citius,
682 3506 778 3571 quam
792 3485 818 3548 si
832 3505 931 3550 mora
946 3499 1069 3572 tempus
1082 3484 1223 3568 haberet,

339 3573 503 3649 Discessit,
519 3587 550 3638 et
563 3594 636 3637 cum
651 3571 721 3656 ipso
736 3569 972 3650 Andromache,
986 3595 1058 3659 quas
1075 3571 1247 3640 multarum
1262 3575 1338 3640 mihi

340 3659 569 3760 Lacsymarum
584 3657 762 3742 caussfltit,
778 3655 906 3742 quando
919 3655 1099 3726 mandeba
1113 3681 1154 3724 ex
1169 3673 1263 3738 terra,

343 3746 482 3812 Pataram
496 3744 607 3832 lugens
620 3757 652 3808 et
669 3743 820 3808 Hectoris
1256 3757 1341 3814 11110

340 3831 528 3898 Tumultum
540 3829 711 3917 alloquens.
756 3828 800 3895 Et
813 3831 916 3915 ipsum
931 3829 1054 3918 rogavit

340 3919 389 3984 Ut
402 3919 586 4004 sepeliretur
602 3917 652 3981 hic
666 3929 820 3990 mortuus,
836 3915 891 4002 qui
905 3915 1011 4000 lapsus
1024 3937 1064 3980 ex
1080 3919 1179 3982 maris

338 4005 455 4070 Amisit
468 4005 606 4070 animam
621 4001 704 4068 filius
719 4001 765 4066 tui
782 3999 950 4068 Hectoris:

339 4089 384 4156 Et
397 4089 541 4175 clypeum
556 4111 691 4167 aeneum,
707 4089 762 4189 qui
775 4085 835 4154 fuit
849 4102 951 4154 terror
965 4085 1172 4168 Achivorum,

337 4175 449 4256 Hunc,
464 4197 558 4264 quem
572 4188 664 4263 pater
677 4177 771 4260 hujus
784 4175 868 4240 circa
881 4173 980 4240 latera
991 4171 1147 4262 gestabat,

338 4263 390 4329 Ne
403 4261 489 4328 hunc
504 4261 598 4330 ferret
611 4261 645 4328 ia
662 4259 747 4328 Pelei
762 4261 903 4338 domum,
