2854 4866
260 237 324 300 262
640 223 973 294 EURIPIDIS

346 402 491 469 presens
504 399 676 478 silentium,
688 401 775 487 quod
789 401 925 486 turpiter
939 401 979 464 sit
990 401 1133 478 tacitum,

350 490 462 575 Neque
475 487 562 577 quod
577 488 618 552 sit
633 487 744 552 Inutile
757 487 904 551 mulieres
918 484 1038 572 aliquid
1054 487 1131 552 boni
1144 485 1263 566 dicere,

347 575 480 640 Timeus
494 575 637 639 amittam
653 595 757 638 meum
773 571 940 658 pulchrum
956 573 1123 638 consilinm
1139 587 1238 640 metu.

347 661 419 747 Ego
433 683 508 726 aero
521 673 563 737 te,
577 659 609 724 Ο
623 659 681 740 fili,
695 661 833 746 primum
848 659 976 745 quidem
990 659 1122 723 deorum
1137 660 1254 746 placita
1288 669 1352 725 ³0⁰

349 748 560 812 Considerare
569 745 677 830 jubeo,
692 767 733 810 ne
746 743 887 810 offendas
900 743 950 810 his
964 745 1133 833 neglectis3

347 835 432 898 Nam
445 833 480 898 ln
495 832 557 896 hoc
570 831 637 896 solo
651 831 800 908 offendes,
815 831 932 917 alioqui
946 846 1032 896 recte
1045 833 1191 899 sentiens.

347 919 508 984 Praeterea
520 941 606 996 vero,
622 920 647 983 si
667 941 732 982 non
747 931 907 1003 oporteret
928 917 1041 1003 lnjuste
1054 917 1243 986 afflictorum
1258 941 1354 984 eausa

350 1005 514 1071 Audacem
529 1029 606 1085 esse,
621 1005 752 1069 omnino
766 1004 948 1068 tacuissem:

350 1092 445 1157 Nunc
462 1115 536 1156 vero
550 1107 581 1156 et
595 1091 652 1157 tibi
666 1090 728 1156 boc
742 1088 876 1177 gloriam
890 1089 1028 1177 augebit,

347 1179 391 1243 Et
406 1177 483 1241 mihi
499 1177 619 1242 hortari
635 1188 665 1242 te
678 1199 741 1240 uon
757 1173 847 1240 affert
862 1189 992 1254 metum,
1010 1176 1043 1242 Ο
1056 1175 1112 1255 lili,

351 1263 398 1330 Ut
413 1265 496 1328 viros
510 1263 673 1340 violentos,
689 1276 721 1327 et
735 1264 789 1349 qui
804 1263 980 1347 impediunt
995 1277 1135 1328 mortuos

349 1348 578 1434 Nesepulturae
588 1348 727 1414 debitam
737 1361 868 1435 partem,
879 1362 911 1413 et
920 1349 1092 1433 parentalia
1104 1361 1352 1436 consequantur,

352 1436 406 1500 Ad
422 1437 504 1501 hano
517 1435 612 1536 officii
625 1423 838 1500 necessitate'm
853 1448 887 1499 tu
902 1457 972 1499 com
1014 1435 1073 1500 llas
1088 1457 1197 1512 manu,

350 1521 394 1587 Et
409 1523 463 1608 qui
473 1535 569 1587 tonus
584 1521 722 1588 Graeciae
738 1541 840 1586 mores
853 1520 969 1586 ooofun
993 1534 1052 1586 unt
1291 1531 1356 1586 310

351 1607 550 1694 Compesoas.
595 1606 693 1683 Quod
708 1608 792 1672 enim
808 1609 949 1672 continet
963 1607 1127 1672 hominum
1143 1607 1238 1672 urbes

352 1695 429 1759 Hoc
442 1689 499 1772 est,
515 1695 643 1780 quando
657 1695 727 1780 quis
741 1692 825 1782 leges
839 1707 940 1758 servat
954 1707 1110 1759 accurate.

350 1780 447 1846 Dicet
461 1803 536 1846 vero
549 1780 673 1866 aliquis,
688 1780 773 1867 quod
787 1780 830 1843 ob
844 1779 1000 1869 ignaviam
1016 1801 1178 1857 manuum,

352 1867 435 1932 Cum
450 1865 558 1932 liceret
572 1868 629 1931 tibi
643 1867 756 1956 gloriae
770 1887 917 1930 coronam
934 1867 1005 1931 urbi
1020 1887 1219 1950 comparate,

351 1953 485 2018 'limene
499 1953 651 2030 omiseris,
667 1966 699 2018 et
713 1954 778 2017 suis
794 1951 921 2036 quidem
936 1955 1066 2040 agrestis

353 2040 521 2104 Certamen
537 2039 677 2124 attigisti,
693 2039 828 2103 tolerans
842 2038 981 2104 laborem
997 2039 1182 2126 inglorium,

353 2125 419 2192 Ubi
433 2147 509 2190 roro
523 2125 556 2189 in
624 2147 694 2189 eam
709 2127 892 2202 inurentem,
909 2138 941 2189 et
955 2127 986 2189 iu
1002 2126 1101 2188 aciem
1117 2127 1217 2190 hastae

353 2211 532 2296 Oportebat
545 2211 576 2276 le
620 2233 700 2289 rare,
716 2212 757 2274 sis
770 2211 919 2274 inventus
932 2211 1071 2276 timidus.

355 2297 564 2385 Nequaquam
578 2319 667 2362 meus
680 2297 829 2374 existens,
847 2293 879 2360 0
894 2297 950 2374 fili,
965 2297 1035 2362 baec
1049 2298 1167 2362 federis.

351 2383 500 2462 Videsne,
515 2383 619 2448 derisa
632 2400 781 2471 tauquam
798 2383 980 2468 imprudens
1294 2393 1357 2450 820

355 2469 402 2535 Ut
417 2471 448 2534 in
464 2470 618 2535 derisores
632 2491 704 2534 suos
719 2484 843 2534 torvum
859 2469 989 2554 aspiciet

352 2557 425 2621 Tua
438 2555 564 2642 patria?
584 2579 657 2620 narn
673 2557 704 2620 in
721 2555 881 2620 laboribus
895 2557 1016 2622 crescit.

355 2644 401 2707 At
414 2645 523 2708 otiosae
538 2646 631 2708 urbes
645 2643 777 2706 obscure
791 2655 919 2730 agentes

353 2729 533 2794 Obscurum
550 2751 676 2830 quoque
689 2741 850 2814 aspectum
868 2728 985 2792 babent
999 2728 1130 2792 nimium
1147 2729 1306 2796 timentes.

353 2815 428 2880 Non
445 2817 504 2881 ibis
519 2833 650 2880 mortuis
664 2829 696 2880 et
711 2817 830 2879 miseris
846 2813 1028 2878 mulieribus

354 2902 387 2967 Ο
403 2902 459 2980 lili,
474 2925 567 2986 opem
582 2902 702 2966 loturus
716 2898 953 2987 indigentibus?

352 2987 439 3064 Quia
452 3011 554 3076 neque
565 2990 665 3054 timeo
679 2987 735 3053 tibi
745 2989 834 3073 justa
842 2987 884 3051 de
897 3007 992 3051 causa
1001 2985 1230 3073 proficiscenti,

354 3073 397 3138 Et
413 3075 525 3139 Cadmi
541 3075 694 3161 populum
711 3073 868 3158 videsjam
883 3073 1090 3152 fortunatum,

353 3159 460 3223 lilium
476 3159 537 3226 alia
551 3162 653 3245 ipsum
669 3159 773 3225 adhuc
783 3161 942 3245 jactorum

351 3243 503 3310 Confido:
529 3269 600 3310 nam
616 3248 691 3310 deus
706 3247 813 3310 omnia
828 3248 906 3311 solet
921 3262 1007 3312 retro
1020 3261 1150 3312 vertere.
1293 3257 1363 3316 380

268 3353 345 3398 cuo.
355 3331 387 3396 Ο
401 3331 584 3397 charissima
598 3330 686 3410 mihi,
702 3347 734 3396 et
747 3333 798 3398 isti
813 3347 900 3398 recte
913 3333 1025 3398 dixisti
1040 3331 1110 3410 boo,

354 3417 398 3482 Et
413 3420 507 3482 mihi:
530 3419 714 3506 duplexque
727 3420 877 3504 gaudium
894 3419 955 3484 hoc
968 3433 1024 3483 ast.

265 3503 426 3570 rusMea
441 3505 569 3592 quidem
587 3506 693 3584 rerba,
707 3522 818 3584 mater,
833 3529 854 3568 a
869 3529 915 3570 me
928 3505 1012 3570 dicta

354 3593 454 3657 Recte
468 3615 500 3656 se
514 3592 633 3656 babent
646 3595 792 3656 adversus
807 3596 905 3672 istum,
921 3607 952 3656 et
965 3592 1032 3656 dlxi

353 3679 562 3758 Sententiam,
577 3677 691 3765 quibus
705 3679 843 3764 peccarit
856 3677 1010 3744 consiliis:

351 3765 456 3830 Video
470 3781 575 3830 autem
590 3779 622 3829 et
637 3767 703 3850 ipse
716 3765 796 3842 haec,
812 3787 882 3851 quse
896 3785 948 3830 me
963 3785 1081 3840 mones,

352 3850 451 3927 Quod
466 3855 543 3916 meis
557 3851 699 3916 moribus
714 3873 778 3916 non
794 3851 835 3916 sit
849 3865 1105 3924 consentaneum,

352 3937 476 4022 Fugere
490 3937 640 4024 pericula.
687 3937 768 4001 Nam
784 3937 890 4000 multis
905 3936 998 4002 rebus
1013 3935 1144 4000 honeste
1158 3937 1267 4020 gestis,

351 4021 444 4110 Elegi
456 4024 540 4089 hunc
556 4045 675 4088 morem
692 4023 773 4088 inter
788 4025 932 4100 Graecos,

356 4107 403 4173 Ut
418 4131 541 4194 semper
555 4131 652 4174 essem
668 4109 798 4194 punitor
811 4110 977 4174 malorum.
1300 4121 1370 4178 840

352 4193 425 4258 Non
442 4197 539 4281 igitur
555 4219 698 4260 recusare
713 4196 862 4282 possibile
876 4209 922 4260 est
935 4194 1013 4260 mibi
1028 4193 1160 4258 labores.

351 4279 439 4358 Quid
455 4283 538 4344 enim
555 4283 594 4346 de
612 4305 660 4346 me
675 4283 781 4346 dicent
798 4283 945 4347 mortales
962 4281 1072 4346 intensi
1088 4279 1174 4362 mili,
