2862 4864
360 229 621 302 lPHlGENIA.
639 233 690 303 IN
711 233 899 307 TAURlS.
1104 247 1167 310 847

94 427 158 474 otta.
164 405 237 474 Non
251 407 317 474 illic
331 422 378 474 est
391 421 464 476 tuus
479 409 586 493 trater,
601 413 633 480 Ο
647 415 770 481 misera.

95 515 155 561 rra.
166 493 250 560 Num
267 495 408 561 Lacaena
421 497 583 584 Tyndaris
596 511 629 564 te
643 518 683 585 pe
707 499 792 566 erit?

94 581 205 648 urmEt
217 581 346 670 quidem
402 606 504 649 osum
522 597 613 650 uatus
627 609 666 651 ex
681 523 747 652 htio
762 585 819 651 filii
835 585 971 674 Pelopia.

93 667 249 745 rru.Quid
260 669 329 734 aia?
344 605 481 735 hiberna
491 670 620 758 aliquod
629 671 742 737 horum
757 671 834 737 mihi
843 671 1066 741 documentum
1075 671 1091 740 Ρ
1100 683 1164 746 790

92 773 158 819 osc.
167 753 295 820 Habeo:
318 755 359 820 ali
382 755 438 820 uid
452 779 492 821 ex
505 756 602 823 domo
616 769 749 844 paterna
762 759 932 846 interroga.

93 839 247 928 remErgo
261 856 294 907 te
307 777 435 928 quidem
450 841 556 909 dicere
570 857 705 930 oportet,
722 865 772 910 me
786 853 861 910 ver'o
874 847 991 912 audire.

92 927 276 994 oua.Dica1n
291 930 353 994 boc
367 929 516 1014 primum,
533 929 668 996 Electrae
682 931 911 996 narrationem:

164 1013 251 1080 Atrei
264 1029 296 1080 et
312 1013 460 1101 Thyestis
475 1029 577 1081 ortam
591 1017 704 1081 novisti
720 1015 970 1083 dissensionem?

94 1119 152 1162 tre.
162 1099 288 1179 Audivi,
303 1123 397 1188 quem
413 1102 451 1166 de
465 1123 562 1168 aureo
577 1102 690 1168 vellere
704 1102 892 1168 habuerunt.

92 1205 156 1248 aaa
166 1187 216 1252 An
232 1187 330 1275 igitur
343 1187 403 1252 scis
417 1199 449 1252 te
463 1185 533 1254 hac
547 1190 682 1254 texuisse
698 1189 729 1253 iu
745 1188 900 1255 texturis?

94 1291 152 1334 rra.
163 1271 194 1338 0
206 1272 399 1349 charissime,
414 1295 514 1360 prope
529 1297 633 1340 meum
648 1275 748 1340 flectis
761 1275 914 1348 animum.

93 1357 245 1424 cardum
260 1361 293 1425 in
309 1359 371 1424 tela
385 1360 565 1448 imaginem,
583 1361 665 1426 Solis
680 1359 940 1427 conversionem?

95 1461 153 1508 tra.
162 1445 267 1512 Tenui
283 1447 364 1512 hanc
378 1447 470 1512 etiam
486 1447 529 1512 im
573 1447 656 1512 'nem
670 1447 837 1513 subtilibus
851 1445 923 1512 lilia.

92 1529 206 1596 oaaEt
218 1531 366 1618 accepisti
379 1556 400 1597 a
413 1546 545 1599 matres
583 1533 732 1598 Aulidem
748 1535 917 1598 ornatum?
1095 1543 1159 1603 800

94 1635 152 1682 tra.
162 1616 257 1682 Nori:
282 1639 355 1684 nam
372 1619 492 1704 nuptia·
506 1619 704 1685 abstulerunt
716 1641 766 1684 me
780 1619 964 1684 uon-bonae.

94 1703 247 1782 ursQuid
262 1703 364 1855 serui?
380 1727 421 1770 au
434 1717 467 1770 te
477 1705 600 1772 dedisse
614 1727 736 1771 comam
758 1717 844 1771 tuam
860 1703 1078 1790 perferendam
1095 1721 1158 1772 tuoe

244 1805 340 1856 matu

93 1895 153 1941 tru.
161 1877 403 1944 Monumentum
419 1900 478 1964 pro
492 1901 564 1946 meo
578 1901 617 1944 co
657 1901 712 1943 ure
726 1877 839 1944 altrici.

92 1962 239 2028 oasHmc
252 1985 339 2042 vero,
356 1987 427 2051 quas
442 1966 508 2052 ipse
522 1966 605 2044 vide,
645 1968 723 2031 icam
739 1965 829 2052 signa
843 1975 940 2029 certa.

164 2049 285 2135 Pelopis
298 2051 460 2137 antiquam
476 2051 595 2117 hastam
610 2051 643 2116 iu
658 2051 780 2116 aedibus
796 2049 905 2136 patria,

161 2135 262 2212 Quam
278 2136 406 2201 vibrans
421 2137 565 2203 manibus
579 2137 715 2224 puellam
732 2137 902 2203 Pisatidem

162 2222 302 2308 Adeptus
315 2235 364 2288 est
379 2222 642 2310 Hippodamiam,
658 2225 763 2290 occiso
778 2223 954 2299 OEnomao,

162 2307 195 2372 lu
210 2309 287 2394 ipsis
302 2310 364 2374 tuis
379 2309 426 2372 sir
451 2309 528 2375 ineis
542 2309 742 2376 conclavibus
755 2307 983 2374 absconditam.
1021 2315 1024 2322 '

91 2395 186 2459 rru.0
197 2395 390 2476 charissime,
405 2333 483 2460 nihil
498 2395 595 2474 aliud,
611 2419 644 2461 es
658 2395 741 2461 enim
757 2395 967 2471 charissimus,

158 2479 263 2548 Teneo
278 2495 320 2563 te,
337 2481 481 2546 Orestem
496 2483 588 2547 unice
602 2481 811 2548 desideratum
826 2481 894 2546 solo
907 2503 946 2546 ex
959 2481 1073 2566 patrio,
1089 2487 1153 2547 810

159 2565 208 2632 Ex
226 2569 333 2652 Argis,
349 2566 383 2633 Ο
397 2565 586 2634 charissime.

88 2651 263 2740 aansstego
277 2667 310 2720 te
323 2667 491 2733 mortuam,
507 2668 543 2720 ut
581 2667 696 2720 utatur.

159 2741 339 2828 lachrymae
353 2753 458 2808 autem
472 2763 536 2805 non
551 2677 769 2827 hichrymosae,
786 2753 818 2805 et
831 2739 933 2804 luctus
946 2759 1018 2803 cum
1033 2735 1152 2826 gaudio

157 2825 242 2892 Tuus
256 2825 375 2908 emulos,
390 2849 481 2914 oeque
494 2849 532 2891 ac
548 2849 632 2892 meus
648 2827 839 2892 humectant.

88 2928 143 2976 tm
153 2909 249 2978 Hunc
262 2923 326 2978 tum
341 2912 443 2978 adhuc
458 2913 569 3016 reliqui
584 2911 736 2978 infantem
750 2913 783 2976 in
798 2913 870 2976 bra·

154 2997 228 3064 chiis
241 3013 400 3066 recentem
414 3001 555 3077 nutriero,
570 3012 728 3065 recentem
743 3001 777 3063 iu
790 2997 922 3062 edibus.

155 3083 279 3172 Oplus,
295 3107 391 3172 quam
407 3085 509 3152 verbis
523 3085 586 3151 dici
600 3100 705 3173 queat,
719 3083 795 3150 felix
807 3085 852 3148 mi

155 3171 277 3250 Anime,
305 3171 380 3259 quid
407 3170 537 3238 dicam?
568 3171 650 3238 ultra
677 3170 876 3256 miraculum,
896 3183 928 3236 et
949 3169 1031 3235 ultra
1052 3187 1147 3254 quam

234 3259 298 3324 dici
312 3271 426 3344 potest,

153 3341 234 3410 Haec
248 3344 444 3411 acciderunt.

84 3427 183 3494 orata
197 3447 392 3518 postremum
407 3453 472 3495 una
486 3431 632 3520 degentes
646 3432 742 3496 aimus
757 3429 876 3495 felices:
1082 3429 1146 3488 820

85 3531 141 3582 trs.
150 3515 342 3603 insperatam
357 3517 549 3602 voluptatem
566 3519 646 3604 cepi,
664 3518 696 3584 0
709 3517 838 3581 amicaer

153 3601 262 3670 Metuo
275 3616 394 3682 autem,
409 3624 450 3667 ue
464 3625 502 3670 ex
519 3605 662 3668 manibus
676 3602 753 3668 mihi
768 3603 800 3666 in
816 3621 920 3666 aerem

150 3689 282 3755 Arolans
297 3689 440 3754 elabatur

149 3773 294 3863 OCyclo
336 3777 346 3839 i
362 3777 451 3854 lares,
468 3775 610 3862 Oputriu

150 3861 251 3927 Chara
332 3883 429 3940 cenae,

148 3947 287 4015 Gratiam
420 3949 479 4013 tibi
491 3949 566 4012 vitae
580 3969 683 4026 causo,
699 3947 833 4036 gratiam
855 3943 958 4009 habeo
979 3939 1142 4008 edumtio·

228 4059 276 4100 urs
290 4055 397 4112 roasa,

147 4119 228 4198 Quia
243 4120 323 4186 milri
339 4119 464 4186 fratrem
482 4121 575 4186 istum
591 4120 700 4185 domui

149 4207 296 4274 &locasti
314 4207 430 4272 lumen.
