2784 4864
274 215 317 274 so
649 180 1003 272 eusrnrurs'

356 375 399 444 Et
410 373 607 440 fidelimimus
620 373 761 439 omnium
773 371 908 460 Pylades

355 462 415 528 Vir
429 483 487 547 per
500 457 601 537 batti,

354 542 744 631 Gubernsnslsngaidum
756 543 870 630 pedem
887 545 1030 628 (Orestis)
1288 561 1391 620 totu

355 635 492 700 Junctus
506 651 614 718 gressu
627 628 776 694 officioso.

269 719 422 788 1111.Ηεί
434 716 532 783 mihil
554 715 664 781 videns
677 717 759 780 enim
773 727 806 780 te
818 727 892 781 ante
904 727 1038 783 mortem
1051 737 1157 806 gemo,

322 807 326 816 “
359 806 479 882 Frater,
494 816 527 868 et
540 819 613 867 ante
625 822 741 888 rogum
753 799 936 867 inferorum.

357 890 426 957 Hei
439 888 517 954 mibi
531 885 657 954 rursusl
681 908 775 974 quarn
789 899 821 952 te
835 887 943 952 videus
956 887 1058 954 oculis

355 976 515 1043 Ultimum
529 987 689 1060 aspectum
703 973 802 1037 aniroi
816 973 918 1058 impos
930 972 1013 1040 laeta
1026 995 1107 1041 snm.

269 1081 347 1130 oue
358 1061 433 1128 Non
447 1061 551 1138 tacite,
566 1059 688 1125 omissis
699 1057 906 1124 muliebribus
919 1057 1208 1144 lamentationibus,

357 1148 441 1215 Boni
453 1144 597 1212 consules
617 1167 689 1232 qum
702 1143 913 1211 ordinantur?
934 1145 1017 1211 Sunt
1028 1147 1156 1234 quidem
1170 1152 1235 1217 ista
1261 1153 1388 1222 mise-

437 1231 558 1308 rabilia,
570 1231 626 1296 sed
640 1243 745 1296 tamen

355 1318 493 1402 Oportet
506 1330 537 1381 te
549 1316 632 1382 ferre
645 1327 813 1401 praesentes
824 1315 977 1382 fortunas.

271 1423 346 1470 uus.
357 1403 400 1468 Et
415 1402 575 1491 quomodo
589 1399 723 1468 tacebo?
757 1400 880 1466 Intueri
893 1402 1000 1467 lumen
1010 1403 1073 1469 Dei

356 1488 495 1567 Quando
508 1509 573 1553 non
587 1487 721 1573 amplius
735 1486 911 1552 licet'nobis
924 1489 1054 1555 miseris.
1273 1501 1391 1563 1020

271 1575 405 1641 oamNe
415 1589 452 1642 tu
466 1595 517 1639 me
530 1574 671 1639 occidoss
694 1573 767 1637 satis
780 1573 821 1638 sb
835 1574 953 1661 Argiva
967 1597 1061 1641 manu

356 1661 504 1726 Mortuus
518 1682 587 1724 snm
602 1659 668 1744 ipse
682 1659 793 1723 miser:
814 1659 882 1724 sine
895 1661 1062 1745 praeseutia
1070 1659 1164 1728 mala.

271 1745 388 1814 ΜΟ
402 1748 496 1814 miser
511 1745 649 1828 Orestes,
662 1755 794 1831 propter
807 1756 893 1810 tuem
909 1745 1146 1812 adolescentiam
1160 1755 1194 1813 et
1206 1745 1325 1818 fetum

357 1832 401 1899 Et
414 1845 549 1899 mortem
562 1829 829 1982 inltempestivaml
854 1831 1031 1916 Oportebat
1045 1847 1077 1899 te
1089 1834 1206 1914 virere,
1222 1840 1381 1923 quando

442 1940 507 1984 non
521 1940 573 1983 am
608 1939 656 1984 rus
668 1939 713 1982 es.

271 2024 348 2070 ons.
360 2003 411 2069 Ne
424 2026 483 2090 per
496 1940 718 2090 Deospinjicias
729 2002 806 2068 mihi
819 2003 995 2085 mollitiem,

356 2089 398 2154 ln
410 2088 564 2176 lacrymas
577 2089 742 2155 traducens
755 2091 1084 2158 commemorationem
1097 2089 1268 2158 melorum.

271 2195 346 2242 eus.
354 2174 550 2241 Moriemur:
572 2196 637 2239 non
651 2186 698 2240 est
712 2174 857 2259 possibile
891 2175 946 2240 uin
960 2175 1157 2262 deplorarem
1171 2179 1279 2246 malas

358 2261 516 2326 Omnibus
529 2261 709 2326 hominibus
721 2260 831 2326 defleri
845 2197 925 2326 edet
937 2261 1033 2328 chara
1047 2263 1120 2328 vita

270 2367 346 2412 oue.
357 2345 478 2412 Haecce
487 2347 555 2412 dies
564 2359 611 2418 est
620 2346 712 2411 nobis
720 2347 901 2412 constituta:
912 2360 1039 2433 oportet
1045 2361 1152 2414 autem
1160 2348 1210 2415 vel
1220 2349 1375 2440 Mereor

358 2433 493 2498 Pensiles
506 2433 704 2518 suspendere,
718 2433 767 2498 vel
781 2455 894 2498 acuere
905 2455 1003 2498 manu
1016 2433 1167 2522 gladium.
1269 2447 1375 2509 1030

270 2537 344 2584 m.
354 2516 408 2583 Tu
422 2538 581 2597 concine,
595 2517 703 2600 frater,
718 2521 828 2596 occide,
843 2521 968 2606 nequis
984 2521 1177 2608 Argivorum
1191 2525 1346 2608 occidat,

357 2604 557 2671 Contumelia
571 2604 707 2669 afficiens
719 2627 818 2692 genus
833 2608 1092 2693 Agamemnonis.

272 2710 349 2756 one.
360 2691 442 2756 Satis
456 2704 502 2755 est
516 2691 641 2778 sanguis
655 2691 783 2758 matris:
804 2705 835 2756 te
848 2712 913 2757 non
927 2692 1112 2758 interficiam
1127 2715 1188 2782 ego
1198 2695 1358 2782 quidem.

357 2777 418 2842 Sed
432 2775 576 2842 morieris
588 2777 635 2842 tui
649 2776 746 2864 ipsius
757 2776 911 2856 manitius,
926 2799 1115 2866 quocunque
1127 2780 1226 2846 modo
1239 2781 1305 2849 vis.

273 2863 443 2929 numFiets
463 2885 530 2928 non
543 2862 650 2930 vincar
664 2886 684 2927 a
697 2875 754 2927 tuo
766 2862 874 2949 gladio

358 2949 420 3014 Sed
436 2948 509 3013 volo
522 2948 650 3015 brechia
663 2949 859 3016 circumdare
869 2963 925 3014 tuo
938 2949 1031 3016 collo.

269 3053 348 3100 oua.
357 3033 530 3100 Delecteris
544 3035 629 3100 inani
645 3035 815 3120 voluptate,
826 3034 981 3122 siquidem
994 3036 1057 3102 hoc
1069 3036 1266 3122 delectabile,

357 3119 561 3186 circumdare
575 3120 714 3198 brachia,
728 3121 771 3185 ad
784 3134 917 3186 mortem
931 3123 1159 3189 accedentibus.

270 3202 382 3272 :uto
395 3205 585 3286 charissime,
602 3206 634 3272 Ο
649 3205 767 3272 babens
781 3207 984 3274 desiderabile
997 3222 1030 3276 et
1043 3209 1261 3278 dulcissimum

353 3293 479 3358 Nomen
494 3305 558 3358 tum
571 3293 733 3360 sororiset
748 3315 842 3358 unam
857 3294 1008 3361 enimam.
1266 3305 1367 3368 1040

270 3395 347 3444 ons.
357 3377 397 3442 Li
421 3379 555 3444 uelacies
568 3401 640 3458 me3
662 3379 734 3444 volo
748 3379 805 3445 tibi
819 3380 1008 3465 respondere

422 3465 471 3530 cio
485 3464 701 3532 brachiorum:
747 3467 798 3530 nid
813 3466 897 3532 enim
910 3467 1004 3532 miser
1017 3464 1221 3532 erubescam?

356 3547 389 3616 0
403 3564 512 3638 pectus
525 3551 653 3632 sororis,
668 3549 700 3616 Ο
715 3488 827 3617 dirersis
841 3555 1001 3637 amplexus
1014 3551 1103 3620 mibi.

354 3636 440 3703 Haec
453 3659 512 3724 pro
526 3637 663 3702 filiorum
676 3637 790 3702 osculis
803 3651 835 3704 et
847 3639 1006 3728 conjugali
1018 3637 1101 3704 lecto

353 3723 504 3810 Alloqoie
516 3723 630 3788 adsum
645 3726 726 3789 inter
740 3727 869 3790 miseros
883 3726 1040 3812 utrinque.

268 3827 342 3874 m.
353 3808 440 3890 Heu,
454 3807 614 3912 quomodo
627 3808 711 3875 idem
724 3809 847 3898 gladius
861 3833 929 3892 nos,
943 3813 969 3876 si
983 3810 1030 3878 fas
1044 3810 1094 3888 sit,
1108 3807 1290 3891 interficiat,

355 3893 399 3960 Et
411 3897 543 3982 eccrpiet
556 3916 655 3961 unum
670 3895 883 3982 sepulchrum,
897 3917 977 3982 opus
991 3895 1097 3962 cedril

268 3999 347 4046 ons.
356 3981 581 4048 suavissimum
595 3994 675 4047 esset
688 3982 766 4047 hoc:
788 3983 842 4048 sed
857 3982 944 4048 vides
956 3982 1066 4048 amicis

353 4066 526 4143 Quomodo
539 4089 693 4146 caremus,
707 4081 744 4134 ut
757 4071 986 4158 conjungamur
999 4067 1178 4155 sepulchro.

267 4169 341 4218 ete.
353 4151 484 4220 Nihilne
496 4153 578 4221 dixit
591 4176 650 4242 pro
664 4167 706 4235 te,
720 4177 849 4241 operam
863 4175 981 4222 namus
994 4153 1227 4235 memorareris,
1267 4164 1362 4230 10⁵0

354 4237 518 4310 Menelaus
531 4241 584 4308 ille
597 4261 724 4330 pranis,
736 4241 882 4329 proditor
896 4243 959 4310 mei
972 4239 1093 4328 patris?
1171 4259 1174 4268 ¹
