2852 4862
275 213 338 285 8⁵14

572 285 574 292 a
652 203 984 276 nocturnis

362 383 476 452 Muros
492 381 664 448 Graeoonan
677 379 788 446 adsum
802 389 835 444 a
849 379 1035 450 mma
1046 399 1153 458 mas.

226 477 231 488 ’
275 472 390 541 usco
404 471 448 536 lili
462 489 587 534 canore
601 467 721 544 matria,
736 466 832 530 nnius
845 487 886 530 ex
902 464 1018 547 Musis,
1294 477 1352 535 89⁰

361 558 405 623 Et
419 554 595 642 Strymonia
609 553 740 618 'lbracii
753 551 902 629 numnis,
918 551 1031 628 studeo
1044 551 1132 638 loqtn’

360 645 446 708 Vera
461 663 525 706 sem
567 661 593 716 r,
609 661 667 704 nec
680 661 750 703 sum
763 637 883 722 duplex
898 639 959 702 vir.

360 729 433 796 Jam
458 726 509 814 pri
531 747 592 804 em,
613 727 679 811 jam
709 721 833 810 pridem
862 726 1031 810 oportebat
1054 735 1087 790 tc
1108 725 1262 810 qnituhri
1282 725 1351 790 huic

444 827 538 878 terrae

361 899 604 975 Aduenientem,
619 906 652 961 et
666 917 741 973 non,
756 903 909 982 qnantum
924 895 959 958 io
973 907 1005 960 te
1018 909 1074 975 cat,
1089 896 1130 962 ab
1144 896 1275 986 Argivis

362 983 519 1052 Hostibus
533 983 663 1070 Trojam
679 983 782 1046 einero
794 980 891 1044 avani
902 979 1013 1046 ‘armis

363 1073 437 1138 Non
452 1071 536 1134 enim
550 1069 637 1146 dicis,
653 1066 738 1156 quod
753 1088 816 1130 non
831 1083 962 1132 uocans
976 1068 1018 1132 ab
1030 1067 1139 1137 amieis

361 1158 435 1224 Nou
451 1156 582 1235 veneris,
596 1175 699 1240 neque
712 1169 806 1238 opem
820 1151 938 1230 tuleris,
952 1171 1058 1240 nequa
1070 1154 1229 1220 comenia
1242 1175 1305 1220 taor.

320 1319 323 1326 Δ
362 1243 444 1320 Quis
458 1241 541 1307 enim
555 1263 671 1327 praeco,
686 1255 744 1304 aut
757 1238 877 1326 legatio
890 1235 1055 1326 Phrygum

361 1327 524 1396 Profectus
539 1331 588 1477 pd
609 1338 648 1405 te,
663 1345 728 1390 uon
752 1321 928 1390 obtestatus
950 1338 1007 1405 est,
1025 1338 1063 1390 ut
1083 1347 1176 1412 opem
1199 1325 1294 1390 ferres
1312 1325 1356 1388 ci·

444 1413 532 1479 vitati

360 1498 466 1576 Quem
480 1520 555 1564 vero
568 1497 722 1564 donorum
737 1507 885 1562 ornatum
901 1517 968 1560 uon
981 1496 1123 1562 misimus
1138 1499 1220 1562 tinia
1293 1505 1354 1562 400

360 1585 415 1650 Το
428 1605 503 1650 vero
517 1597 670 1673 cognatus
684 1583 822 1648 existens
835 1593 868 1646 et
881 1581 1035 1649 barbarus
1049 1583 1201 1649 barbaros

363 1671 485 1735 Graecis
497 1693 555 1736 nos
570 1669 755 1756 propinasti,
768 1679 921 1755 quantum
938 1669 969 1732 in
985 1682 1017 1734 te
1031 1669 1099 1736 luit.

360 1757 460 1845 Atqui
475 1769 506 1822 tc
520 1777 561 1821 ex
574 1775 673 1843 parvo
686 1755 820 1840 impeno
832 1773 986 1905 maffirm

362 1841 526 1910 Thracum
540 1865 646 1931 regem
660 1841 719 1906 ieci
734 1863 794 1930 ego
807 1839 868 1904 bno
945 1853 1007 1922 tra,

360 1928 500 2006 Quando
514 1929 598 1994 circa
614 1929 787 2016 Pangaeum
801 1936 927 1990 montem
941 1943 973 1994 et
989 1925 1150 1992 Poeouiam
1165 1941 1281 1993 urum

360 2015 549 2081 Fortisaimis
560 2015 723 2080 Thracum
738 2009 861 2077 irruens
874 2011 980 2078 bonta
993 2013 1132 2091 adama,

360 2100 447 2186 Rupi
462 2101 595 2179 bustam,
610 2113 641 2165 et
654 2101 712 2165 tibi
726 2099 890 2164 subactum
904 2099 1058 2184 populum

360 2185 510 2252 Tradidi:
529 2197 669 2273 ‘quorum
683 2205 830 2273 magnam
841 2187 976 2272 gratiam
992 2197 1026 2251 tu
1037 2185 1178 2252 calcibus
1190 2185 1353 2273 mellens,

358 2273 479 2338 Amicis
492 2271 719 2349 laborantibus,
735 2293 805 2336 sero
818 2271 992 2356 opitularis.
1256 2306 1266 2325 s

359 2357 514 2435 Quivero
528 2357 619 2424 nobis
632 2379 697 2423 nou
712 2369 785 2424 suut
798 2357 936 2446 cognati,
1291 2367 1356 2422 410

358 2443 431 2510 Jam
446 2444 570 2529 pridem
585 2458 763 2546 presentes,
779 2439 832 2508 alii
843 2443 970 2530 quidem
986 2444 1018 2508 iu
1033 2445 1169 2545 aggestis
1182 2443 1309 2510 tumulis

356 2529 469 2598 lacent
482 2543 609 2608 mortu1,
624 2529 849 2595 documentum
866 2528 941 2594 fidei
954 2549 1018 2595 non
1035 2548 1187 2620 exiguum
1201 2531 1329 2610 durau,

359 2615 425 2681 Alii
440 2639 515 2681 vero
525 2616 581 2690 hic
595 2618 627 2681 in
640 2618 735 2681 ermis
748 2629 779 2681 et
788 2618 884 2702 juxta
898 2629 1056 2702 equestres
1069 2637 1183 2682 curros

360 2702 505 2792 Frigidos
518 2703 611 2768 flatus
624 2715 656 2768 et
670 2703 865 2768 sitibundum
880 2703 985 2789 ignem
1000 2701 1052 2768 dei

359 2787 497 2854 Manent
510 2803 690 2854 constanter
704 2790 899 2866 sustinentes,
915 2805 980 2853 non
995 2789 1027 2852 iu
1043 2785 1130 2855 lactis
1144 2787 1356 2856 convivalibus

359 2875 407 2941 Ut
420 2888 466 2952 tu,
482 2876 684 2961 puopinnntca
698 2873 824 2940 crebros
838 2874 979 2948 lruustus.

358 2960 454 3039 Haec,
469 2976 506 3026 ut
519 2964 598 3027 scias
614 2961 788 3026 Hectorem
802 2983 868 3026 esse
881 2958 1027 3039 liberum,

357 3045 409 3112 Ex
467 3047 536 3112 tnlo
551 3063 651 3113 tecum
667 3061 699 3111 et
712 3047 784 3112 dico
799 3047 856 3111 tibi
872 3049 904 3110 in
920 3069 967 3112 os.

273 3131 390 3198 00οΤ
421 3133 446 3197 is
461 3155 531 3198 sum
543 3146 576 3198 et
589 3155 659 3222 ego,
674 3145 792 3198 rectam
807 3150 989 3197 sermonum

356 3217 450 3282 Viam
465 3239 583 3296 secans,
600 3241 657 3284 nec
671 3239 740 3284 sum
755 3217 875 3304 duplex
888 3219 947 3284 vir.
1295 3225 1354 3284 420

355 3303 644 3456 lttlz‘l‘tztl
656 3303 1201 3456 illsttlf‘llllltltb

357 3477 421 3543 Sed
436 3475 570 3544 confinis
587 3409 663 3542 laihi
679 3413 772 3555 taire,
790 3477 958 3566 Scythicus
972 3477 1117 3564 populun,
1191 3437 1201 3454 .

359 3561 444 3630 Mlltl
458 3561 576 3628 volenti
590 3561 746 3629 conficere
759 3564 819 3628 iter
833 3563 874 3628 ad
890 3563 986 3628 Iliam

334 3725 340 3736 Ι
356 3649 470 3716 lutulit
483 3648 619 3715 bellum:
645 3649 763 3715 Euxini
778 3671 852 3714 vero
867 3650 938 3714 aeni

355 3735 458 3802 Maris
472 3736 514 3801 ad
528 3735 624 3815 littus,
640 3735 841 3801 traducturus
855 3731 1017 3807 Thracum
1033 3733 1219 3800 examitum.

355 3821 406 3888 Ibi
421 3836 569 3888 eruemus
583 3822 709 3910 sanguia
789 3821 873 3886 thlua
889 3822 921 3886 in
938 3835 1053 3887 terram
1068 3823 1178 3886 cadem

356 3907 575 3974 Hauricbntur
588 3909 689 3989 basta,
703 3921 735 3973 ct
782 3908 889 3972 bracla
904 3907 1002 3974 mixta
1017 3905 1128 3974 coedm.

353 3992 443 4064 Talis
455 3995 617 4062 calamitas
632 4007 788 4060 mmorsta
802 4005 849 4060 art
863 4015 923 4071 ma,
939 4015 981 4063 na
994 3996 1038 4058 ad
1051 4011 1199 4080 campum

353 4078 462 4168 Trojoe
475 4076 688 4166 proficiscerer
702 4079 838 4168 bellique
851 4081 956 4146 socius
968 4079 1026 4155 tibi
1040 4080 1191 4145 venirem.
1296 4093 1358 4150 4³⁰

353 4165 525 4320 Pmlppaetn
541 4185 616 4234 vero
630 4168 808 4258 expugnavi
824 4169 903 4244 illos,
919 4181 950 4234 ct
971 4166 1077 4253 occepi
1099 4165 1227 4232 obside
1241 4165 1358 4236 borum

447 4275 457 4316 ι
498 4272 562 4332 ron,
