2882 4858
450 193 838 292 ttunacttore.
1116 205 1180 260 es

95 371 355 452 eruomodo
366 369 463 458 igitur
477 371 606 434 ermetis
619 371 696 436 uiris
710 379 746 436 tu
759 369 828 434 aine
840 369 935 436 annia
948 370 1142 457 apparebis?

96 483 162 530 tot.
181 463 264 526 Sunt
277 459 363 526 intus
376 477 465 522 arms
479 454 650 522 insedibus
665 455 856 541 bello-perta

185 547 294 622 Hisce,
309 544 424 631 quibus
438 556 564 610 utemur
578 558 610 608 et
623 543 790 608 reddemus
804 565 841 606 eo

182 633 275 704 Viri:
299 631 465 697 emortuis
479 630 563 696 enim
580 641 781 713 noorepetet
797 629 894 696 Deus.
1121 643 1184 700 690

182 718 401 795 Quamobrem
416 715 601 804 ingrediaris
616 716 700 780 iutro
716 727 747 779 et
761 715 801 780 de
813 716 941 800 paxillis
953 718 1079 802 repient

183 803 273 870 Affer
286 816 433 868 ornatum
449 802 616 868 militarem
631 823 725 888 quem
741 801 904 868 celerrime
917 805 1006 868 mibi.

185 891 244 956 Est
257 892 341 956 enim
356 889 427 954 haec
440 889 611 954 domestica
623 891 831 954 commoratio
846 891 958 975 turpis,

185 977 277 1044 Alios
297 975 426 1062 quidem
452 997 603 1062 pugnare,
619 975 696 1040 elios
718 997 793 1040 vero
815 993 943 1062 propter
967 989 1084 1042 metum
1109 979 1188 1042 domi

270 1083 408 1126 manere.

99 1171 177 1218 cuo.
190 1149 298 1216 Animi
313 1147 529 1216 fortitudinem
544 1148 673 1234 quidem
689 1147 830 1214 nondum
846 1151 1018 1234 prosternit
1031 1165 1154 1236 tempus

188 1235 306 1314 Tuam,
322 1233 376 1300 sed
390 1235 420 1298 vi
444 1247 484 1311 et,
499 1255 614 1318 corpus
628 1256 702 1298 vero
714 1236 818 1318 periit.

189 1321 279 1398 Quid
294 1321 407 1386 frustra
421 1258 570 1386 laboras?
592 1341 664 1407 quae
680 1322 736 1386 tibi
751 1323 877 1408 quidem
892 1322 1061 1401 nocebunt,

190 1409 308 1476 Porum
322 1429 399 1473 vero
408 1407 564 1494 juvabunt
579 1420 718 1474 nostram
734 1409 905 1474 civitatem.

189 1495 327 1581 Oportet
341 1507 463 1559 aetetcnr
475 1493 684 1571 considerare,

189 1583 234 1646 Et
249 1581 393 1646 omittere
407 1579 461 1644 ille
473 1591 616 1666 quoesttut
631 1578 846 1664 impossibilia.
892 1580 976 1646 Fieri
992 1603 1056 1646 non
1072 1593 1174 1670 potest

191 1667 240 1734 Ut
254 1689 418 1752 recuperes
434 1667 755 1752 denuojuventutcm.
1131 1675 1188 1746 701

105 1773 175 1820 auc.
189 1753 331 1820 Curnem
348 1768 411 1819 tuae
427 1754 539 1816 mentis
553 1773 617 1818 nou
632 1773 762 1836 compos
776 1753 923 1830 existens,

192 1839 252 1904 Me
267 1840 442 1926 relinquere
456 1839 609 1903 desertam
626 1859 697 1902 cum
715 1840 780 1902 istis
795 1839 871 1903 ineis
886 1841 992 1923 pueris
1006 1840 1149 1926 cogites?

107 1947 175 1994 rot..
192 1927 343 1990 Virorum
359 1929 441 1990 enim
464 1937 508 1990 est
529 1945 655 2012 pugna:
679 1937 769 1989 tuum
790 1945 867 1990 vero
887 1939 934 1992 est
954 1947 1066 1992 curere
1084 1949 1197 2012 meror

279 2013 362 2076 istos.

107 2122 179 2168 atc-
191 2097 280 2176 Quid
296 2098 413 2164 verosi
428 2098 571 2162 moriaris
583 2110 628 2175 tu,
644 2095 805 2183 quomode
819 2119 882 2187 ego
896 2097 1069 2164 terrebor?

110 2207 174 2256 ron.
196 2185 284 2250 liliis
299 2185 359 2248 erit
373 2205 460 2250 curae
474 2185 528 2272 qui
543 2183 656 2272 reliqui
671 2182 797 2248 iruerint.

112 2295 181 2342 tue.
195 2273 229 2338 Si
261 2293 346 2349 uero,
370 2271 456 2400 qupd
487 2271 606 2336 utinam
636 2291 678 2334 ne
707 2271 884 2358 continget,
914 2275 1042 2338 oduerm
1070 2271 1198 2340 ionum

270 2371 418 2426 utantur.
630 2417 634 2433 ,
777 2361 782 2374 ’

115 2460 181 2508 tut.
194 2442 243 2510 Hi
258 2443 397 2530 hospites
411 2465 474 2508 non
490 2443 629 2528 prodent
642 2457 685 2524 te,
698 2465 740 2508 ne
752 2455 884 2508 metuas.

113 2548 182 2596 otc.
196 2529 272 2596 Hoc
287 2541 410 2596 tantum
425 2541 509 2595 certe
523 2529 626 2594 habeo
640 2529 777 2606 fiducite,
794 2529 880 2596 eliud
895 2529 983 2596 nihil.

115 2635 181 2680 tut..
197 2615 240 2682 Et
255 2616 338 2694 lovi,
354 2616 429 2693 scio,
445 2631 518 2682 sunt
532 2637 618 2682 curae
634 2617 680 2680 tui
694 2617 828 2681 labores.
1137 2627 1200 2689 tto

116 2722 184 2768 tte.
196 2703 298 2788 (Proh
314 2701 337 2784 l)
360 2703 486 2787 Jupiter
500 2703 582 2768 mele
595 2701 722 2790 quidem
738 2725 757 2767 e
773 2725 823 2766 nte
837 2723 901 2766 uon
917 2703 1041 2780 aodiet;

199 2791 249 2854 Au
265 2811 340 2855 uero
348 2789 452 2876 justus
466 2789 507 2853 sit
519 2811 594 2878 erga
608 2811 668 2866 me,
685 2791 752 2874 ipse
766 2789 863 2854 norit.

120 2877 372 2940 morinorum
389 2875 515 2963 quidem
531 2873 617 2942 hunc
631 2876 718 2940 vides
733 2875 911 2941 universum
927 2891 1123 2961 apparatum,

201 2961 265 3026 Sed
280 2983 345 3026 non
360 2963 435 3026 satis
448 2963 513 3028 cito
526 2963 644 3046 poteris
657 2977 765 3050 tegere
778 2985 816 3027 co
856 2985 893 3026 us
907 2960 1003 3026 hisce.

201 3046 287 3124 Quis
301 3069 409 3137 pugne
424 3071 525 3134 prope
538 3059 590 3125 eut,
606 3063 638 3113 et
652 3051 790 3114 maxime
845 3069 896 3112 ars
910 3047 979 3112 odit

202 3133 416 3200 Cunctanter:
440 3135 466 3198 si
480 3157 556 3200 vero
570 3137 685 3199 metuis
699 3135 825 3221 pondus
840 3155 1012 3214 armorum,

203 3221 299 3286 Nunc
314 3221 442 3308 quidem
458 3221 533 3286 vade
547 3221 660 3300 nodus,
677 3223 710 3286 in
725 3223 865 3286 exercitu
881 3243 957 3286 uero

202 3305 337 3394 Tegaris
351 3307 412 3372 hoc
426 3321 560 3372 ornetur
584 3331 644 3396 ego
658 3329 732 3373 uero
746 3311 881 3393 portabo
895 3329 1042 3395 eousque.

126 3409 184 3456 tot.
204 3391 304 3458 Recte
317 3393 447 3460 dixisti:
470 3393 671 3460 verumvmilti
688 3407 838 3481 prompta
851 3407 962 3458 tenens

204 3481 304 3544 Atura
318 3493 454 3566 portato,
468 3481 569 3546 insere
583 3503 657 3545 vero
671 3481 780 3546 manui
796 3481 928 3557 bostem,
1145 3487 1208 3560 720

205 3564 248 3630 Et
262 3565 377 3632 laesum
393 3565 502 3632 attolle
515 3567 669 3645 cubitum,
685 3567 826 3656 dirigens
839 3589 936 3632 meum
949 3587 1101 3656 gressum.

128 3653 256 3716 raudo
271 3653 369 3738 igitur
382 3667 539 3718 armatum
554 3654 691 3731 militem,
709 3667 744 3718 ut
757 3675 901 3738 puerum,
917 3653 1035 3718 ducere
1045 3653 1160 3722 decet?

128 3753 188 3800 tot..
203 3736 339 3823 Propter
352 3759 446 3804 omen
461 3739 671 3804 incedendum
686 3751 730 3804 est
743 3753 820 3806 tuto.

130 3823 335 3890 murinam
351 3825 394 3890 ita
408 3825 530 3890 validus
544 3847 624 3891 esses
638 3825 750 3904 iacere,
767 3841 802 3891 ut
816 3847 849 3890 es
864 3823 1016 3910 cupidusl

128 3923 188 3972 tut.
206 3909 365 3996 Propera3
388 3911 413 3976 si
429 3926 551 3977 mature
565 3933 629 3977 nou
644 3933 818 3998 pervenero
832 3911 873 3976 ad
887 3931 1038 3998 pugnem.

129 3993 257 4062 mu'l't't
272 4013 357 4063 certe
370 3999 537 4076 cuncteris,
553 4019 617 4063 nou
634 4021 704 4084 ego,
720 3997 837 4086 aliquid
852 3999 935 4062 risus
949 4019 1052 4086 egere.

131 4097 190 4146 tuh
207 4084 321 4147 Annon
339 4085 434 4160 vides,
451 4085 612 4170 quomodo
626 4083 750 4151 festinet
764 4107 852 4148 meua
863 4082 944 4168 pes?

131 4167 310 4234 rumvideo
325 4183 356 4234 tc
370 4171 471 4260 rongi·
486 4171 595 4248 rideri,
611 4192 704 4255 quem
722 4195 756 4235 re
768 4173 834 4254 ipso
848 4191 1030 4256 properare.

132 4269 194 4314 rot..
211 4252 280 4318 Non
295 4256 403 4322 eedem
420 4257 512 4334 dices,
529 4280 601 4322 curn
618 4257 681 4322 illic
697 4279 747 4322 me
762 4255 936 4322 videbis.-
