<?xml version="1.0" encoding="UTF-8"?>
<!DOCTYPE html PUBLIC "-//W3C//DTD XHTML 1.0 Transitional//EN"
    "http://www.w3.org/TR/xhtml1/DTD/xhtml1-transitional.dtd">
<html xmlns="http://www.w3.org/1999/xhtml" xml:lang="en" lang="en">
 <head>
  <title>
</title>
<meta http-equiv="Content-Type" content="text/html;charset=utf-8" />
  <meta name='ocr-system' content='tesseract 3.04.00' />
  <meta name='ocr-capabilities' content='ocr_page ocr_carea ocr_par ocr_line ocrx_word'/>
</head>
<body>
  <div class='ocr_page' id='page_1' title='image "./euripidistragoe00mattgoog/euripidistragoe00mattgoog_0637.png"; bbox 0 0 2888 4856; ppageno 0'>
   <div class='ocr_carea' id='block_1_1' title="bbox 264 179 971 258">
    <p class='ocr_par' dir='ltr' id='par_1_1' title="bbox 264 179 971 258">
     <span class='ocr_line' id='line_1_1' title="bbox 264 179 971 258; baseline -0.014 0"><span class='ocrx_word' id='word_1_1' title='bbox 264 195 327 258; x_wconf 73' lang='grc'>002</span> <span class='ocrx_word' id='word_1_2' title='bbox 660 179 971 248; x_wconf 77' lang='lat' dir='ltr'>EURIPIDIS</span> 
     </span>
    </p>
   </div>
   <div class='ocr_carea' id='block_1_2' title="bbox 144 352 1426 4326">
    <p class='ocr_par' dir='ltr' id='par_1_2' title="bbox 144 352 1426 4326">
     <span class='ocr_line' id='line_1_2' title="bbox 348 352 1153 444; baseline -0.001 -20"><span class='ocrx_word' id='word_1_3' title='bbox 348 357 516 441; x_wconf 89' lang='lat' dir='ltr'>Optimum</span> <span class='ocrx_word' id='word_1_4' title='bbox 532 365 577 420; x_wconf 84' lang='lat' dir='ltr'>est</span> <span class='ocrx_word' id='word_1_5' title='bbox 589 352 661 418; x_wconf 81' lang='lat' dir='ltr'>brec</span> <span class='ocrx_word' id='word_1_6' title='bbox 674 367 793 420; x_wconf 87' lang='lat' dir='ltr'>temere</span> <span class='ocrx_word' id='word_1_7' title='bbox 807 352 950 444; x_wconf 78' lang='lat' dir='ltr'>neglecta</span> <span class='ocrx_word' id='word_1_8' title='bbox 964 355 1153 443; x_wconf 83' lang='lat' dir='ltr'>relinquere.</span> 
     </span>
     <span class='ocr_line' id='line_1_3' title="bbox 350 441 1104 531; baseline -0.004 -22"><span class='ocrx_word' id='word_1_9' title='bbox 350 443 420 510; x_wconf 90' lang='lat' dir='ltr'>Hic</span> <span class='ocrx_word' id='word_1_10' title='bbox 433 443 518 506; x_wconf 87' lang='lat' dir='ltr'>enim</span> <span class='ocrx_word' id='word_1_11' title='bbox 533 441 581 504; x_wconf 86' lang='lat' dir='ltr'>vir</span> <span class='ocrx_word' id='word_1_12' title='bbox 595 463 697 527; x_wconf 87' lang='lat' dir='ltr'>neque</span> <span class='ocrx_word' id='word_1_13' title='bbox 712 442 794 505; x_wconf 89' lang='lat' dir='ltr'>inter</span> <span class='ocrx_word' id='word_1_14' title='bbox 810 444 858 506; x_wconf 81' lang='lat' dir='ltr'>Ar</span> <span class='ocrx_word' id='word_1_15' title='bbox 881 442 946 506; x_wconf 72' lang='lat' dir='ltr'>isos</span> <span class='ocrx_word' id='word_1_16' title='bbox 962 462 1104 531; x_wconf 79' lang='lat' dir='ltr'>maguus,</span> 
     </span>
     <span class='ocr_line' id='line_1_4' title="bbox 351 527 1356 677; baseline -0.001 -81"><span class='ocrx_word' id='word_1_17' title='bbox 351 531 463 616; x_wconf 89' lang='lat' dir='ltr'>Neque</span> <span class='ocrx_word' id='word_1_18' title='bbox 477 529 571 594; x_wconf 87' lang='lat' dir='ltr'>etiam</span> <span class='ocrx_word' id='word_1_19' title='bbox 584 527 687 677; x_wconf 54' lang='lat' dir='ltr'>qloria</span> <span class='ocrx_word' id='word_1_20' title='bbox 700 527 815 593; x_wconf 91' lang='lat' dir='ltr'>domus</span> <span class='ocrx_word' id='word_1_21' title='bbox 829 528 839 591; x_wconf 94' lang='lat' dir='ltr'>i</span> <span class='ocrx_word' id='word_1_22' title='bbox 885 542 964 606; x_wconf 81' lang='lat' dir='ltr'>atus,</span> <span class='ocrx_word' id='word_1_23' title='bbox 1298 543 1356 602; x_wconf 74' lang='lat'>³80</span> 
     </span>
     <span class='ocr_line' id='line_1_5' title="bbox 352 613 1063 701; baseline -0.001 -19"><span class='ocrx_word' id='word_1_24' title='bbox 352 617 508 701; x_wconf 85' lang='lat' dir='ltr'>Unusque</span> <span class='ocrx_word' id='word_1_25' title='bbox 521 637 561 679; x_wconf 82' lang='lat' dir='ltr'>ex</span> <span class='ocrx_word' id='word_1_26' title='bbox 576 637 598 700; x_wconf 94' lang='lat' dir='ltr'>p</span> <span class='ocrx_word' id='word_1_27' title='bbox 610 613 676 692; x_wconf 90' lang='lat' dir='ltr'>ebe,</span> <span class='ocrx_word' id='word_1_28' title='bbox 693 616 831 698; x_wconf 90' lang='lat' dir='ltr'>optimus</span> <span class='ocrx_word' id='word_1_29' title='bbox 846 629 893 679; x_wconf 84' lang='lat' dir='ltr'>est</span> <span class='ocrx_word' id='word_1_30' title='bbox 906 615 1063 681; x_wconf 83' lang='lat' dir='ltr'>inventus.</span> 
     </span>
     <span class='ocr_line' id='line_1_6' title="bbox 350 701 1069 787; baseline -0.001 -20"><span class='ocrx_word' id='word_1_31' title='bbox 350 706 402 768; x_wconf 84' lang='lat' dir='ltr'>An</span> <span class='ocrx_word' id='word_1_32' title='bbox 417 724 482 766; x_wconf 93' lang='lat' dir='ltr'>non</span> <span class='ocrx_word' id='word_1_33' title='bbox 497 701 631 787; x_wconf 81' lang='lat' dir='ltr'>sapietis,</span> <span class='ocrx_word' id='word_1_34' title='bbox 647 701 702 784; x_wconf 90' lang='lat' dir='ltr'>qui</span> <span class='ocrx_word' id='word_1_35' title='bbox 716 721 867 765; x_wconf 72' lang='lat' dir='ltr'>cananum</span> <span class='ocrx_word' id='word_1_36' title='bbox 882 701 1069 786; x_wconf 80' lang='lat' dir='ltr'>opInionum</span> 
     </span>
     <span class='ocr_line' id='line_1_7' title="bbox 351 787 1084 864; baseline 0.001 -10"><span class='ocrx_word' id='word_1_37' title='bbox 351 789 441 854; x_wconf 84' lang='lat' dir='ltr'>Pleni</span> <span class='ocrx_word' id='word_1_38' title='bbox 457 788 577 864; x_wconf 63' lang='lat' dir='ltr'>erraris</span> <span class='ocrx_word' id='word_1_39' title='bbox 593 801 680 851; x_wconf 84' lang='lat' dir='ltr'>etex</span> <span class='ocrx_word' id='word_1_40' title='bbox 694 787 922 852; x_wconf 84' lang='lat' dir='ltr'>consuetudine</span> <span class='ocrx_word' id='word_1_41' title='bbox 938 788 1084 855; x_wconf 72' lang='lat' dir='ltr'>mortales</span> 
     </span>
     <span class='ocr_line' id='line_1_8' title="bbox 348 871 953 942; baseline -0.007 0"><span class='ocrx_word' id='word_1_42' title='bbox 348 873 537 942; x_wconf 79' lang='lat' dir='ltr'>Iudicabitis</span> <span class='ocrx_word' id='word_1_43' title='bbox 550 887 582 938; x_wconf 90' lang='lat' dir='ltr'>et</span> <span class='ocrx_word' id='word_1_44' title='bbox 596 895 636 937; x_wconf 85' lang='lat' dir='ltr'>ex</span> <span class='ocrx_word' id='word_1_45' title='bbox 651 873 791 938; x_wconf 83' lang='lat' dir='ltr'>moribus</span> <span class='ocrx_word' id='word_1_46' title='bbox 805 871 953 938; x_wconf 84' lang='lat' dir='ltr'>nobiles?</span> 
     </span>
     <span class='ocr_line' id='line_1_9' title="bbox 349 959 1099 1027; baseline -0.004 0"><span class='ocrx_word' id='word_1_47' title='bbox 349 961 446 1027; x_wconf 90' lang='lat' dir='ltr'>Tales</span> <span class='ocrx_word' id='word_1_48' title='bbox 460 961 545 1026; x_wconf 89' lang='lat' dir='ltr'>enim</span> <span class='ocrx_word' id='word_1_49' title='bbox 559 961 618 1025; x_wconf 78' lang='lat' dir='ltr'>uiri</span> <span class='ocrx_word' id='word_1_50' title='bbox 631 959 772 1024; x_wconf 84' lang='lat' dir='ltr'>civitates</span> <span class='ocrx_word' id='word_1_51' title='bbox 784 959 1005 1027; x_wconf 83' lang='lat' dir='ltr'>administrant</span> <span class='ocrx_word' id='word_1_52' title='bbox 1018 959 1099 1027; x_wconf 75' lang='lat' dir='ltr'>bere</span> 
     </span>
     <span class='ocr_line' id='line_1_10' title="bbox 350 1047 953 1124; baseline -0.003 -10"><span class='ocrx_word' id='word_1_53' title='bbox 350 1047 393 1114; x_wconf 82' lang='lat' dir='ltr'>Et</span> <span class='ocrx_word' id='word_1_54' title='bbox 407 1048 528 1124; x_wconf 89' lang='lat' dir='ltr'>domos,</span> <span class='ocrx_word' id='word_1_55' title='bbox 544 1061 577 1110; x_wconf 89' lang='lat' dir='ltr'>at</span> <span class='ocrx_word' id='word_1_56' title='bbox 591 1069 701 1111; x_wconf 81' lang='lat' dir='ltr'>cernes</span> <span class='ocrx_word' id='word_1_57' title='bbox 715 1069 824 1110; x_wconf 84' lang='lat' dir='ltr'>vacuae</span> <span class='ocrx_word' id='word_1_58' title='bbox 839 1048 953 1112; x_wconf 87' lang='lat' dir='ltr'>mentis</span> 
     </span>
     <span class='ocr_line' id='line_1_11' title="bbox 351 1132 1149 1220; baseline 0.001 -21"><span class='ocrx_word' id='word_1_59' title='bbox 351 1135 549 1200; x_wconf 89' lang='lat' dir='ltr'>Ornamenta</span> <span class='ocrx_word' id='word_1_60' title='bbox 561 1132 621 1196; x_wconf 88' lang='lat' dir='ltr'>Iori</span> <span class='ocrx_word' id='word_1_61' title='bbox 636 1146 717 1198; x_wconf 84' lang='lat' dir='ltr'>sunt.</span> <span class='ocrx_word' id='word_1_62' title='bbox 763 1134 876 1219; x_wconf 86' lang='lat' dir='ltr'>Neque</span> <span class='ocrx_word' id='word_1_63' title='bbox 890 1133 973 1197; x_wconf 90' lang='lat' dir='ltr'>enim</span> <span class='ocrx_word' id='word_1_64' title='bbox 990 1137 1023 1198; x_wconf 81' lang='lat' dir='ltr'>iu</span> <span class='ocrx_word' id='word_1_65' title='bbox 1037 1135 1149 1220; x_wconf 82' lang='lat' dir='ltr'>praelio</span> 
     </span>
     <span class='ocr_line' id='line_1_12' title="bbox 349 1216 1258 1306; baseline 0.004 -20"><span class='ocrx_word' id='word_1_66' title='bbox 349 1221 528 1286; x_wconf 82' lang='lat' dir='ltr'>Robustum</span> <span class='ocrx_word' id='word_1_67' title='bbox 544 1220 708 1284; x_wconf 83' lang='lat' dir='ltr'>bracthm</span> <span class='ocrx_word' id='word_1_68' title='bbox 722 1216 835 1284; x_wconf 88' lang='lat' dir='ltr'>fortius</span> <span class='ocrx_word' id='word_1_69' title='bbox 848 1241 943 1306; x_wconf 88' lang='lat' dir='ltr'>quam</span> <span class='ocrx_word' id='word_1_70' title='bbox 960 1221 1153 1286; x_wconf 85' lang='lat' dir='ltr'>imbecillum</span> <span class='ocrx_word' id='word_1_71' title='bbox 1167 1221 1258 1290; x_wconf 77' lang='lat' dir='ltr'>ferit:</span> 
     </span>
     <span class='ocr_line' id='line_1_13' title="bbox 350 1306 1312 1394; baseline 0.005 -22"><span class='ocrx_word' id='word_1_72' title='bbox 350 1308 426 1372; x_wconf 92' lang='lat' dir='ltr'>Hoc</span> <span class='ocrx_word' id='word_1_73' title='bbox 439 1307 522 1370; x_wconf 89' lang='lat' dir='ltr'>enim</span> <span class='ocrx_word' id='word_1_74' title='bbox 538 1306 572 1369; x_wconf 92' lang='lat' dir='ltr'>in</span> <span class='ocrx_word' id='word_1_75' title='bbox 588 1319 701 1371; x_wconf 84' lang='lat' dir='ltr'>natura</span> <span class='ocrx_word' id='word_1_76' title='bbox 715 1307 852 1390; x_wconf 89' lang='lat' dir='ltr'>positum</span> <span class='ocrx_word' id='word_1_77' title='bbox 869 1317 912 1370; x_wconf 84' lang='lat' dir='ltr'>est</span> <span class='ocrx_word' id='word_1_78' title='bbox 926 1321 958 1372; x_wconf 89' lang='lat' dir='ltr'>et</span> <span class='ocrx_word' id='word_1_79' title='bbox 973 1308 1004 1370; x_wconf 92' lang='lat' dir='ltr'>in</span> <span class='ocrx_word' id='word_1_80' title='bbox 1020 1309 1116 1373; x_wconf 88' lang='lat' dir='ltr'>animi</span> <span class='ocrx_word' id='word_1_81' title='bbox 1132 1313 1312 1394; x_wconf 64' lang='lat' dir='ltr'>presentia.</span> 
     </span>
     <span class='ocr_line' id='line_1_14' title="bbox 349 1393 1348 1480; baseline 0.007 -23"><span class='ocrx_word' id='word_1_82' title='bbox 349 1395 468 1472; x_wconf 88' lang='lat' dir='ltr'>Quare,</span> <span class='ocrx_word' id='word_1_83' title='bbox 484 1393 601 1480; x_wconf 79' lang='lat' dir='ltr'>dignus</span> <span class='ocrx_word' id='word_1_84' title='bbox 617 1394 700 1456; x_wconf 85' lang='lat' dir='ltr'>enlm</span> <span class='ocrx_word' id='word_1_85' title='bbox 717 1403 758 1456; x_wconf 85' lang='lat' dir='ltr'>est</span> <span class='ocrx_word' id='word_1_86' title='bbox 773 1406 806 1457; x_wconf 82' lang='lat' dir='ltr'>et</span> <span class='ocrx_word' id='word_1_87' title='bbox 818 1415 956 1479; x_wconf 74' lang='lat' dir='ltr'>praesens</span> <span class='ocrx_word' id='word_1_88' title='bbox 971 1409 1001 1458; x_wconf 90' lang='lat' dir='ltr'>et</span> <span class='ocrx_word' id='word_1_89' title='bbox 1016 1397 1126 1460; x_wconf 86' lang='lat' dir='ltr'>absens</span> <span class='ocrx_word' id='word_1_90' title='bbox 1289 1407 1348 1464; x_wconf 75' lang='lat'>³90</span> 
     </span>
     <span class='ocr_line' id='line_1_15' title="bbox 349 1477 1100 1568; baseline 0 -22"><span class='ocrx_word' id='word_1_91' title='bbox 349 1481 601 1568; x_wconf 77' lang='lat' dir='ltr'><strong>Agamemnonis</strong></span> <span class='ocrx_word' id='word_1_92' title='bbox 615 1477 712 1556; x_wconf 84' lang='lat' dir='ltr'>filius,</span> <span class='ocrx_word' id='word_1_93' title='bbox 728 1480 818 1564; x_wconf 86' lang='lat' dir='ltr'>cujus</span> <span class='ocrx_word' id='word_1_94' title='bbox 831 1481 934 1568; x_wconf 86' lang='lat' dir='ltr'>gratia</span> <span class='ocrx_word' id='word_1_95' title='bbox 948 1481 1100 1558; x_wconf 83' lang='lat' dir='ltr'>venimus,</span> 
     </span>
     <span class='ocr_line' id='line_1_16' title="bbox 352 1565 1106 1654; baseline 0.001 -22"><span class='ocrx_word' id='word_1_96' title='bbox 352 1565 552 1651; x_wconf 75' lang='lat' dir='ltr'>Accipiamus</span> <span class='ocrx_word' id='word_1_97' title='bbox 565 1566 683 1630; x_wconf 79' lang='lat' dir='ltr'>redium</span> <span class='ocrx_word' id='word_1_98' title='bbox 699 1567 888 1630; x_wconf 82' lang='lat' dir='ltr'>diversoria:</span> <span class='ocrx_word' id='word_1_99' title='bbox 909 1566 956 1630; x_wconf 89' lang='lat' dir='ltr'>ire</span> <span class='ocrx_word' id='word_1_100' title='bbox 970 1583 1106 1654; x_wconf 80' lang='lat' dir='ltr'>oportet,</span> 
     </span>
     <span class='ocr_line' id='line_1_17' title="bbox 350 1651 1151 1741; baseline 0 -22"><span class='ocrx_word' id='word_1_101' title='bbox 350 1652 486 1729; x_wconf 82' lang='lat' dir='ltr'>Famuli,</span> <span class='ocrx_word' id='word_1_102' title='bbox 502 1653 585 1717; x_wconf 88' lang='lat' dir='ltr'>intra</span> <span class='ocrx_word' id='word_1_103' title='bbox 598 1651 655 1716; x_wconf 85' lang='lat' dir='ltr'>hus</span> <span class='ocrx_word' id='word_1_104' title='bbox 668 1651 792 1716; x_wconf 88' lang='lat' dir='ltr'>domos.</span> <span class='ocrx_word' id='word_1_105' title='bbox 836 1651 925 1728; x_wconf 88' lang='lat' dir='ltr'>Quia</span> <span class='ocrx_word' id='word_1_106' title='bbox 937 1653 1015 1718; x_wconf 92' lang='lat' dir='ltr'>mihi</span> <span class='ocrx_word' id='word_1_107' title='bbox 1030 1676 1151 1741; x_wconf 83' lang='lat' dir='ltr'>pauper</span> 
     </span>
     <span class='ocr_line' id='line_1_18' title="bbox 348 1737 1048 1826; baseline -0.003 -20"><span class='ocrx_word' id='word_1_108' title='bbox 348 1743 464 1806; x_wconf 77' lang='lat' dir='ltr'>Alacer</span> <span class='ocrx_word' id='word_1_109' title='bbox 479 1739 593 1826; x_wconf 84' lang='lat' dir='ltr'>hospes</span> <span class='ocrx_word' id='word_1_110' title='bbox 606 1737 701 1803; x_wconf 87' lang='lat' dir='ltr'>fuerit</span> <span class='ocrx_word' id='word_1_111' title='bbox 716 1741 927 1825; x_wconf 85' lang='lat' dir='ltr'>potiusquam</span> <span class='ocrx_word' id='word_1_112' title='bbox 942 1739 1048 1804; x_wconf 82' lang='lat' dir='ltr'>‹liresl</span> 
     </span>
     <span class='ocr_line' id='line_1_19' title="bbox 348 1824 1121 1914; baseline 0.001 -22"><span class='ocrx_word' id='word_1_113' title='bbox 348 1826 464 1892; x_wconf 89' lang='lat' dir='ltr'>Laudo</span> <span class='ocrx_word' id='word_1_114' title='bbox 478 1827 575 1914; x_wconf 82' lang='lat' dir='ltr'>igitur</span> <span class='ocrx_word' id='word_1_115' title='bbox 590 1825 682 1910; x_wconf 91' lang='lat' dir='ltr'>hujus</span> <span class='ocrx_word' id='word_1_116' title='bbox 697 1827 755 1889; x_wconf 85' lang='lat' dir='ltr'>viri</span> <span class='ocrx_word' id='word_1_117' title='bbox 771 1825 913 1889; x_wconf 85' lang='lat' dir='ltr'>oblatum</span> <span class='ocrx_word' id='word_1_118' title='bbox 929 1824 1121 1914; x_wconf 80' lang='lat' dir='ltr'>hospitium:</span> 
     </span>
     <span class='ocr_line' id='line_1_20' title="bbox 350 1910 923 1988; baseline -0.007 -8"><span class='ocrx_word' id='word_1_119' title='bbox 350 1913 482 1980; x_wconf 88' lang='lat' dir='ltr'>Mallem</span> <span class='ocrx_word' id='word_1_120' title='bbox 500 1927 616 1988; x_wconf 73' lang='lat' dir='ltr'>tamem</span> <span class='ocrx_word' id='word_1_121' title='bbox 633 1913 658 1975; x_wconf 88' lang='lat' dir='ltr'>si</span> <span class='ocrx_word' id='word_1_122' title='bbox 672 1910 770 1976; x_wconf 85' lang='lat' dir='ltr'>frater</span> <span class='ocrx_word' id='word_1_123' title='bbox 786 1935 836 1976; x_wconf 90' lang='lat' dir='ltr'>me</span> <span class='ocrx_word' id='word_1_124' title='bbox 850 1924 923 1976; x_wconf 86' lang='lat' dir='ltr'>tuus</span> 
     </span>
     <span class='ocr_line' id='line_1_21' title="bbox 349 1997 932 2082; baseline -0.005 -18"><span class='ocrx_word' id='word_1_125' title='bbox 349 2001 387 2065; x_wconf 89' lang='lat' dir='ltr'>In</span> <span class='ocrx_word' id='word_1_126' title='bbox 403 1999 488 2064; x_wconf 83' lang='lat' dir='ltr'>tedes</span> <span class='ocrx_word' id='word_1_127' title='bbox 501 1998 606 2063; x_wconf 82' lang='lat' dir='ltr'>felices</span> <span class='ocrx_word' id='word_1_128' title='bbox 622 2001 685 2082; x_wconf 80' lang='lat' dir='ltr'>ipsc</span> <span class='ocrx_word' id='word_1_129' title='bbox 695 1997 770 2062; x_wconf 83' lang='lat' dir='ltr'>felix</span> <span class='ocrx_word' id='word_1_130' title='bbox 780 1997 932 2064; x_wconf 87' lang='lat' dir='ltr'>duxisset.</span> 
     </span>
     <span class='ocr_line' id='line_1_22' title="bbox 348 2083 1213 2172; baseline 0.002 -20"><span class='ocrx_word' id='word_1_131' title='bbox 348 2087 493 2152; x_wconf 78' lang='lat' dir='ltr'>Fortasse</span> <span class='ocrx_word' id='word_1_132' title='bbox 507 2099 613 2150; x_wconf 88' lang='lat' dir='ltr'>autem</span> <span class='ocrx_word' id='word_1_133' title='bbox 631 2085 768 2149; x_wconf 86' lang='lat' dir='ltr'>venerit:</span> <span class='ocrx_word' id='word_1_134' title='bbox 792 2083 948 2172; x_wconf 83' lang='lat' dir='ltr'>Apollinis</span> <span class='ocrx_word' id='word_1_135' title='bbox 962 2086 1045 2150; x_wconf 89' lang='lat' dir='ltr'>enim</span> <span class='ocrx_word' id='word_1_136' title='bbox 1063 2101 1213 2154; x_wconf 76' lang='lat' dir='ltr'>ratarum</span> 
     </span>
     <span class='ocr_line' id='line_1_23' title="bbox 347 2169 1236 2250; baseline 0.003 -12"><span class='ocrx_word' id='word_1_137' title='bbox 347 2171 497 2250; x_wconf 86' lang='lat' dir='ltr'>Oracula,</span> <span class='ocrx_word' id='word_1_138' title='bbox 514 2169 693 2236; x_wconf 83' lang='lat' dir='ltr'>mortalium</span> <span class='ocrx_word' id='word_1_139' title='bbox 709 2193 785 2235; x_wconf 87' lang='lat' dir='ltr'>vero</span> <span class='ocrx_word' id='word_1_140' title='bbox 799 2171 1022 2236; x_wconf 83' lang='lat' dir='ltr'>divinationem</span> <span class='ocrx_word' id='word_1_141' title='bbox 1038 2172 1143 2240; x_wconf 86' lang='lat' dir='ltr'>valere</span> <span class='ocrx_word' id='word_1_142' title='bbox 1155 2177 1236 2242; x_wconf 83' lang='lat' dir='ltr'>sino.</span> 
     </span>
     <span class='ocr_line' id='line_1_24' title="bbox 261 2255 1426 2348; baseline -0.004 -21"><span class='ocrx_word' id='word_1_143' title='bbox 261 2281 338 2327; x_wconf 78' lang='lat' dir='ltr'>cuo.</span> <span class='ocrx_word' id='word_1_144' title='bbox 349 2260 455 2336; x_wconf 89' lang='lat' dir='ltr'>Nunc,</span> <span class='ocrx_word' id='word_1_145' title='bbox 471 2280 565 2346; x_wconf 86' lang='lat' dir='ltr'>quam</span> <span class='ocrx_word' id='word_1_146' title='bbox 581 2273 665 2336; x_wconf 86' lang='lat' dir='ltr'>aute,</span> <span class='ocrx_word' id='word_1_147' title='bbox 680 2257 791 2346; x_wconf 84' lang='lat' dir='ltr'>magis,</span> <span class='ocrx_word' id='word_1_148' title='bbox 808 2255 840 2322; x_wconf 92' lang='grc'><strong>0</strong></span> <span class='ocrx_word' id='word_1_149' title='bbox 856 2257 992 2338; x_wconf 84' lang='lat' dir='ltr'>Electra,</span> <span class='ocrx_word' id='word_1_150' title='bbox 1007 2260 1127 2348; x_wconf 75' lang='lat' dir='ltr'>gaudio</span> <span class='ocrx_word' id='word_1_151' title='bbox 1283 2273 1343 2330; x_wconf 93' lang='grc'>400</span> <span class='ocrx_word' id='word_1_152' title='bbox 1425 2311 1426 2322; x_wconf 67' lang='grc'>,</span> 
     </span>
     <span class='ocr_line' id='line_1_25' title="bbox 144 2342 905 2410; baseline -0.004 1"><span class='ocrx_word' id='word_1_153' title='bbox 144 2357 147 2372; x_wconf 84' lang='grc'>’</span> <span class='ocrx_word' id='word_1_154' title='bbox 347 2345 568 2410; x_wconf 81' lang='lat' dir='ltr'>Inenlescimus</span> <span class='ocrx_word' id='word_1_155' title='bbox 582 2367 658 2409; x_wconf 87' lang='lat' dir='ltr'>cor:</span> <span class='ocrx_word' id='word_1_156' title='bbox 680 2342 905 2410; x_wconf 83' lang='lat' dir='ltr'>fortasseenim</span> 
     </span>
     <span class='ocr_line' id='line_1_26' title="bbox 347 2431 1150 2520; baseline 0.004 -23"><span class='ocrx_word' id='word_1_157' title='bbox 347 2432 451 2520; x_wconf 79' lang='lat' dir='ltr'>AEgre</span> <span class='ocrx_word' id='word_1_158' title='bbox 464 2431 669 2520; x_wconf 79' lang='lat' dir='ltr'>progrediens</span> <span class='ocrx_word' id='word_1_159' title='bbox 684 2431 811 2496; x_wconf 84' lang='lat' dir='ltr'>fortuna</span> <span class='ocrx_word' id='word_1_160' title='bbox 824 2433 974 2496; x_wconf 84' lang='lat' dir='ltr'>consistet</span> <span class='ocrx_word' id='word_1_161' title='bbox 987 2434 1150 2518; x_wconf 81' lang='lat' dir='ltr'>praeclare.</span> 
     </span>
     <span class='ocr_line' id='line_1_27' title="bbox 261 2518 1162 2603; baseline 0.002 -18"><span class='ocrx_word' id='word_1_162' title='bbox 261 2541 335 2585; x_wconf 79' lang='lat' dir='ltr'>nnn.</span> <span class='ocrx_word' id='word_1_163' title='bbox 348 2518 381 2585; x_wconf 95' lang='grc' dir='ltr'>Ο</span> <span class='ocrx_word' id='word_1_164' title='bbox 398 2519 501 2596; x_wconf 90' lang='lat' dir='ltr'>miser,</span> <span class='ocrx_word' id='word_1_165' title='bbox 518 2539 589 2582; x_wconf 81' lang='lat' dir='ltr'>cunt</span> <span class='ocrx_word' id='word_1_166' title='bbox 607 2518 693 2581; x_wconf 90' lang='lat' dir='ltr'>unris</span> <span class='ocrx_word' id='word_1_167' title='bbox 707 2529 834 2582; x_wconf 88' lang='lat' dir='ltr'>tuarum</span> <span class='ocrx_word' id='word_1_168' title='bbox 850 2518 968 2582; x_wconf 83' lang='lat' dir='ltr'>redium</span> <span class='ocrx_word' id='word_1_169' title='bbox 985 2523 1162 2603; x_wconf 69' lang='lat' dir='ltr'>penumam,</span> 
     </span>
     <span class='ocr_line' id='line_1_28' title="bbox 347 2603 1036 2689; baseline 0 -19"><span class='ocrx_word' id='word_1_170' title='bbox 347 2606 414 2670; x_wconf 85' lang='lat' dir='ltr'>Cur</span> <span class='ocrx_word' id='word_1_171' title='bbox 427 2609 500 2670; x_wconf 88' lang='lat' dir='ltr'>istos</span> <span class='ocrx_word' id='word_1_172' title='bbox 514 2604 664 2688; x_wconf 81' lang='lat' dir='ltr'>excepisti</span> <span class='ocrx_word' id='word_1_173' title='bbox 679 2606 813 2689; x_wconf 89' lang='lat' dir='ltr'>majores</span> <span class='ocrx_word' id='word_1_174' title='bbox 828 2617 860 2668; x_wconf 87' lang='lat' dir='ltr'>te</span> <span class='ocrx_word' id='word_1_175' title='bbox 873 2603 1036 2689; x_wconf 81' lang='lat' dir='ltr'>hospites?</span> 
     </span>
     <span class='ocr_line' id='line_1_29' title="bbox 260 2690 1074 2771; baseline 0 -13"><span class='ocrx_word' id='word_1_176' title='bbox 260 2715 330 2758; x_wconf 81' lang='lat' dir='ltr'>con.</span> <span class='ocrx_word' id='word_1_177' title='bbox 343 2690 460 2768; x_wconf 79' lang='lat' dir='ltr'>Quid?</span> <span class='ocrx_word' id='word_1_178' title='bbox 481 2691 604 2756; x_wconf 87' lang='lat' dir='ltr'>etiamsi</span> <span class='ocrx_word' id='word_1_179' title='bbox 620 2706 703 2768; x_wconf 81' lang='lat' dir='ltr'>suut,</span> <span class='ocrx_word' id='word_1_180' title='bbox 721 2703 756 2754; x_wconf 89' lang='lat' dir='ltr'>ut</span> <span class='ocrx_word' id='word_1_181' title='bbox 769 2690 925 2767; x_wconf 86' lang='lat' dir='ltr'>videntur,</span> <span class='ocrx_word' id='word_1_182' title='bbox 942 2692 1074 2771; x_wconf 83' lang='lat' dir='ltr'>nobiles,</span> 
     </span>
     <span class='ocr_line' id='line_1_30' title="bbox 344 2777 1340 2868; baseline 0.002 -25"><span class='ocrx_word' id='word_1_183' title='bbox 344 2778 463 2843; x_wconf 85' lang='lat' dir='ltr'>Annon</span> <span class='ocrx_word' id='word_1_184' title='bbox 479 2777 562 2842; x_wconf 88' lang='lat' dir='ltr'>inter</span> <span class='ocrx_word' id='word_1_185' title='bbox 578 2792 685 2840; x_wconf 89' lang='lat' dir='ltr'>tenues</span> <span class='ocrx_word' id='word_1_186' title='bbox 696 2792 729 2841; x_wconf 89' lang='lat' dir='ltr'>et</span> <span class='ocrx_word' id='word_1_187' title='bbox 738 2777 821 2842; x_wconf 91' lang='lat' dir='ltr'>inter</span> <span class='ocrx_word' id='word_1_188' title='bbox 835 2799 899 2842; x_wconf 91' lang='lat' dir='ltr'>nou</span> <span class='ocrx_word' id='word_1_189' title='bbox 915 2789 1015 2844; x_wconf 78' lang='lat' dir='ltr'>temes</span> <span class='ocrx_word' id='word_1_190' title='bbox 1025 2780 1226 2867; x_wconf 86' lang='lat' dir='ltr'>acquiescent</span> <span class='ocrx_word' id='word_1_191' title='bbox 1233 2779 1340 2868; x_wconf 69' lang='lat' dir='ltr'>eque?</span> 
     </span>
     <span class='ocr_line' id='line_1_31' title="bbox 261 2864 1104 2948; baseline -0.001 -18"><span class='ocrx_word' id='word_1_192' title='bbox 261 2885 333 2930; x_wconf 76' lang='lat' dir='ltr'>ana.</span> <span class='ocrx_word' id='word_1_193' title='bbox 348 2864 490 2941; x_wconf 83' lang='lat' dir='ltr'>Quando</span> <span class='ocrx_word' id='word_1_194' title='bbox 502 2885 588 2928; x_wconf 91' lang='lat' dir='ltr'>nunc</span> <span class='ocrx_word' id='word_1_195' title='bbox 602 2864 738 2948; x_wconf 82' lang='lat' dir='ltr'>peccasti</span> <span class='ocrx_word' id='word_1_196' title='bbox 755 2864 852 2928; x_wconf 92' lang='lat' dir='ltr'>homo</span> <span class='ocrx_word' id='word_1_197' title='bbox 865 2865 951 2928; x_wconf 90' lang='lat' dir='ltr'>tenui</span> <span class='ocrx_word' id='word_1_198' title='bbox 967 2864 1104 2944; x_wconf 81' lang='lat' dir='ltr'>fortuna,</span> 
     </span>
     <span class='ocr_line' id='line_1_32' title="bbox 347 2948 1080 3036; baseline 0.004 -22"><span class='ocrx_word' id='word_1_199' title='bbox 347 2951 413 3014; x_wconf 80' lang='lat' dir='ltr'>Abi</span> <span class='ocrx_word' id='word_1_200' title='bbox 427 2950 467 3016; x_wconf 90' lang='lat' dir='ltr'>ad</span> <span class='ocrx_word' id='word_1_201' title='bbox 483 2966 620 3015; x_wconf 84' lang='lat' dir='ltr'>veterem</span> <span class='ocrx_word' id='word_1_202' title='bbox 637 2951 699 3014; x_wconf 92' lang='lat' dir='ltr'>mei</span> <span class='ocrx_word' id='word_1_203' title='bbox 713 2950 801 3014; x_wconf 87' lang='lat' dir='ltr'>chari</span> <span class='ocrx_word' id='word_1_204' title='bbox 815 2952 915 3036; x_wconf 83' lang='lat' dir='ltr'>petris</span> <span class='ocrx_word' id='word_1_205' title='bbox 929 2948 1080 3017; x_wconf 85' lang='lat' dir='ltr'>altorem:</span> 
     </span>
     <span class='ocr_line' id='line_1_33' title="bbox 348 3035 1028 3140; baseline -0.001 -37"><span class='ocrx_word' id='word_1_206' title='bbox 348 3037 416 3115; x_wconf 85' lang='lat' dir='ltr'>Qui</span> <span class='ocrx_word' id='word_1_207' title='bbox 430 3037 471 3102; x_wconf 79' lang='lat' dir='ltr'>atl</span> <span class='ocrx_word' id='word_1_208' title='bbox 485 3059 610 3102; x_wconf 70' lang='lat' dir='ltr'>amu·</span> <span class='ocrx_word' id='word_1_209' title='bbox 627 3035 756 3101; x_wconf 83' lang='lat' dir='ltr'>Tenum</span> <span class='ocrx_word' id='word_1_210' title='bbox 771 3036 902 3140; x_wconf 70' lang='lat' dir='ltr'>Argivas</span> <span class='ocrx_word' id='word_1_211' title='bbox 916 3035 995 3102; x_wconf 86' lang='lat' dir='ltr'>fines</span> <span class='ocrx_word' id='word_1_212' title='bbox 1025 3095 1028 3102; x_wconf 29' lang='lat' dir='ltr'>I</span> 
     </span>
     <span class='ocr_line' id='line_1_34' title="bbox 348 3121 1340 3207; baseline -0.001 -17"><span class='ocrx_word' id='word_1_213' title='bbox 348 3125 513 3190; x_wconf 88' lang='lat' dir='ltr'>Secantem</span> <span class='ocrx_word' id='word_1_214' title='bbox 529 3135 624 3187; x_wconf 81' lang='lat' dir='ltr'>terroe</span> <span class='ocrx_word' id='word_1_215' title='bbox 638 3139 670 3187; x_wconf 91' lang='lat' dir='ltr'>et</span> <span class='ocrx_word' id='word_1_216' title='bbox 687 3124 834 3207; x_wconf 84' lang='lat' dir='ltr'>Spartam</span> <span class='ocrx_word' id='word_1_217' title='bbox 849 3121 908 3188; x_wconf 81' lang='lat' dir='ltr'>soli</span> <span class='ocrx_word' id='word_1_218' title='bbox 944 3197 947 3204; x_wconf 25' lang='lat'><strong><em>¹</em></strong></span> <span class='ocrx_word' id='word_1_219' title='bbox 1282 3133 1340 3192; x_wconf 88' lang='grc'>410</span> 
     </span>
     <span class='ocr_line' id='line_1_35' title="bbox 347 3209 923 3297; baseline -0.002 -22"><span class='ocrx_word' id='word_1_220' title='bbox 347 3210 475 3296; x_wconf 87' lang='lat' dir='ltr'>Ejectus</span> <span class='ocrx_word' id='word_1_221' title='bbox 489 3209 624 3286; x_wconf 83' lang='lat' dir='ltr'>civitate,</span> <span class='ocrx_word' id='word_1_222' title='bbox 640 3231 751 3297; x_wconf 75' lang='lat' dir='ltr'>greges</span> <span class='ocrx_word' id='word_1_223' title='bbox 765 3209 923 3297; x_wconf 79' lang='lat' dir='ltr'>sequium:</span> 
     </span>
     <span class='ocr_line' id='line_1_36' title="bbox 348 3294 1191 3382; baseline 0 -20"><span class='ocrx_word' id='word_1_224' title='bbox 348 3297 369 3362; x_wconf 88' lang='lat' dir='ltr'>J</span> <span class='ocrx_word' id='word_1_225' title='bbox 372 3297 433 3362; x_wconf 90' lang='lat' dir='ltr'>ube</span> <span class='ocrx_word' id='word_1_226' title='bbox 445 3313 550 3361; x_wconf 86' lang='lat' dir='ltr'>autem</span> <span class='ocrx_word' id='word_1_227' title='bbox 565 3297 679 3382; x_wconf 87' lang='lat' dir='ltr'>ipsum,</span> <span class='ocrx_word' id='word_1_228' title='bbox 694 3317 767 3360; x_wconf 89' lang='lat' dir='ltr'>cum</span> <span class='ocrx_word' id='word_1_229' title='bbox 782 3297 815 3360; x_wconf 88' lang='lat' dir='ltr'>iu</span> <span class='ocrx_word' id='word_1_230' title='bbox 830 3297 896 3382; x_wconf 83' lang='lat' dir='ltr'>ejus</span> <span class='ocrx_word' id='word_1_231' title='bbox 909 3294 1041 3360; x_wconf 82' lang='lat' dir='ltr'>domum</span> <span class='ocrx_word' id='word_1_232' title='bbox 1056 3295 1191 3378; x_wconf 71' lang='lat' dir='ltr'>veneris,</span> 
     </span>
     <span class='ocr_line' id='line_1_37' title="bbox 346 3381 1243 3470; baseline 0.007 -24"><span class='ocrx_word' id='word_1_233' title='bbox 346 3383 465 3448; x_wconf 87' lang='lat' dir='ltr'>Venire</span> <span class='ocrx_word' id='word_1_234' title='bbox 480 3383 701 3469; x_wconf 86' lang='lat' dir='ltr'>hospitumque</span> <span class='ocrx_word' id='word_1_235' title='bbox 715 3382 757 3446; x_wconf 90' lang='lat' dir='ltr'>ad</span> <span class='ocrx_word' id='word_1_236' title='bbox 772 3381 951 3448; x_wconf 68' lang='lat' dir='ltr'>conmmum</span> <span class='ocrx_word' id='word_1_237' title='bbox 966 3381 1073 3470; x_wconf 86' lang='lat' dir='ltr'>alique</span> <span class='ocrx_word' id='word_1_238' title='bbox 1086 3385 1243 3468; x_wconf 66' lang='lat' dir='ltr'>prebere.</span> 
     </span>
     <span class='ocr_line' id='line_1_38' title="bbox 346 3468 933 3554; baseline -0.005 -19"><span class='ocrx_word' id='word_1_239' title='bbox 346 3468 510 3535; x_wconf 83' lang='lat' dir='ltr'>Gaudebit</span> <span class='ocrx_word' id='word_1_240' title='bbox 523 3491 598 3533; x_wconf 87' lang='lat' dir='ltr'>sane</span> <span class='ocrx_word' id='word_1_241' title='bbox 612 3482 644 3533; x_wconf 91' lang='lat' dir='ltr'>et</span> <span class='ocrx_word' id='word_1_242' title='bbox 657 3468 848 3554; x_wconf 88' lang='lat' dir='ltr'>supplicabit</span> <span class='ocrx_word' id='word_1_243' title='bbox 860 3468 933 3546; x_wconf 85' lang='lat' dir='ltr'>diis,</span> 
     </span>
     <span class='ocr_line' id='line_1_39' title="bbox 346 3554 1216 3641; baseline 0.001 -21"><span class='ocrx_word' id='word_1_244' title='bbox 346 3554 415 3621; x_wconf 89' lang='lat' dir='ltr'>Ubi</span> <span class='ocrx_word' id='word_1_245' title='bbox 428 3555 534 3620; x_wconf 85' lang='lat' dir='ltr'>virum</span> <span class='ocrx_word' id='word_1_246' title='bbox 548 3555 683 3620; x_wconf 85' lang='lat' dir='ltr'>audierit</span> <span class='ocrx_word' id='word_1_247' title='bbox 692 3556 852 3640; x_wconf 86' lang='lat' dir='ltr'>juvenem,</span> <span class='ocrx_word' id='word_1_248' title='bbox 868 3575 961 3641; x_wconf 86' lang='lat' dir='ltr'>quem</span> <span class='ocrx_word' id='word_1_249' title='bbox 978 3555 1054 3621; x_wconf 92' lang='lat' dir='ltr'>olim</span> <span class='ocrx_word' id='word_1_250' title='bbox 1069 3559 1216 3634; x_wconf 58' lang='lat' dir='ltr'>meavit.</span> 
     </span>
     <span class='ocr_line' id='line_1_40' title="bbox 346 3641 1013 3726; baseline 0 -20"><span class='ocrx_word' id='word_1_251' title='bbox 346 3641 421 3706; x_wconf 88' lang='lat' dir='ltr'>Non</span> <span class='ocrx_word' id='word_1_252' title='bbox 436 3643 519 3706; x_wconf 90' lang='lat' dir='ltr'>enim</span> <span class='ocrx_word' id='word_1_253' title='bbox 534 3663 574 3706; x_wconf 85' lang='lat' dir='ltr'>ex</span> <span class='ocrx_word' id='word_1_254' title='bbox 587 3642 727 3726; x_wconf 83' lang='lat' dir='ltr'>paternis</span> <span class='ocrx_word' id='word_1_255' title='bbox 740 3641 864 3707; x_wconf 73' lang='lat' dir='ltr'>sedibus</span> <span class='ocrx_word' id='word_1_256' title='bbox 877 3663 899 3706; x_wconf 80' lang='lat' dir='ltr'>a</span> <span class='ocrx_word' id='word_1_257' title='bbox 911 3655 1013 3706; x_wconf 85' lang='lat' dir='ltr'>matre</span> 
     </span>
     <span class='ocr_line' id='line_1_41' title="bbox 335 3726 1294 3814; baseline 0.004 -21"><span class='ocrx_word' id='word_1_258' title='bbox 335 3728 548 3812; x_wconf 54' lang='lat' dir='ltr'>⁴Accipiemus</span> <span class='ocrx_word' id='word_1_259' title='bbox 560 3726 756 3814; x_wconf 81' lang='lat' dir='ltr'>quidquam:</span> <span class='ocrx_word' id='word_1_260' title='bbox 778 3727 845 3794; x_wconf 90' lang='lat' dir='ltr'>imo</span> <span class='ocrx_word' id='word_1_261' title='bbox 857 3749 934 3792; x_wconf 83' lang='lat' dir='ltr'>vero</span> <span class='ocrx_word' id='word_1_262' title='bbox 947 3729 1171 3796; x_wconf 73' lang='lat' dir='ltr'>nunciaremus</span> <span class='ocrx_word' id='word_1_263' title='bbox 1185 3731 1294 3808; x_wconf 75' lang='lat' dir='ltr'>tristia,</span> 
     </span>
     <span class='ocr_line' id='line_1_42' title="bbox 346 3812 1195 3904; baseline 0.005 -24"><span class='ocrx_word' id='word_1_264' title='bbox 346 3813 379 3880; x_wconf 90' lang='lat' dir='ltr'>Si</span> <span class='ocrx_word' id='word_1_265' title='bbox 396 3815 500 3880; x_wconf 81' lang='lat' dir='ltr'>virere</span> <span class='ocrx_word' id='word_1_266' title='bbox 514 3817 661 3879; x_wconf 86' lang='lat' dir='ltr'>Orestem</span> <span class='ocrx_word' id='word_1_267' title='bbox 677 3813 784 3880; x_wconf 88' lang='lat' dir='ltr'>adhuc</span> <span class='ocrx_word' id='word_1_268' title='bbox 799 3813 913 3880; x_wconf 87' lang='lat' dir='ltr'>misera</span> <span class='ocrx_word' id='word_1_269' title='bbox 927 3812 982 3880; x_wconf 85' lang='lat' dir='ltr'>illa</span> <span class='ocrx_word' id='word_1_270' title='bbox 994 3814 1195 3904; x_wconf 79' lang='lat' dir='ltr'>intelligeret.</span> 
     </span>
     <span class='ocr_line' id='line_1_43' title="bbox 258 3899 1248 3988; baseline 0.006 -22"><span class='ocrx_word' id='word_1_271' title='bbox 258 3921 327 3966; x_wconf 78' lang='lat' dir='ltr'>cor..</span> <span class='ocrx_word' id='word_1_272' title='bbox 341 3900 440 3985; x_wconf 82' lang='lat' dir='ltr'>Ergo,</span> <span class='ocrx_word' id='word_1_273' title='bbox 456 3900 606 3988; x_wconf 82' lang='lat' dir='ltr'>quoniam</span> <span class='ocrx_word' id='word_1_274' title='bbox 622 3903 678 3966; x_wconf 80' lang='lat' dir='ltr'>hoc</span> <span class='ocrx_word' id='word_1_275' title='bbox 692 3901 793 3986; x_wconf 83' lang='lat' dir='ltr'>placet</span> <span class='ocrx_word' id='word_1_276' title='bbox 808 3901 875 3978; x_wconf 88' lang='lat' dir='ltr'>tibi,</span> <span class='ocrx_word' id='word_1_277' title='bbox 893 3899 963 3966; x_wconf 74' lang='lat' dir='ltr'>hec</span> <span class='ocrx_word' id='word_1_278' title='bbox 976 3903 1137 3970; x_wconf 84' lang='lat' dir='ltr'>nunciabo</span> <span class='ocrx_word' id='word_1_279' title='bbox 1151 3906 1248 3972; x_wconf 83' lang='lat' dir='ltr'>rerba</span> 
     </span>
     <span class='ocr_line' id='line_1_44' title="bbox 346 3987 1341 4074; baseline 0.002 -22"><span class='ocrx_word' id='word_1_280' title='bbox 346 3987 440 4052; x_wconf 79' lang='lat' dir='ltr'>Seni:</span> <span class='ocrx_word' id='word_1_281' title='bbox 465 3997 498 4051; x_wconf 84' lang='lat' dir='ltr'>tu</span> <span class='ocrx_word' id='word_1_282' title='bbox 513 4008 587 4052; x_wconf 83' lang='lat' dir='ltr'>vero</span> <span class='ocrx_word' id='word_1_283' title='bbox 603 3987 648 4052; x_wconf 91' lang='lat' dir='ltr'>ito</span> <span class='ocrx_word' id='word_1_284' title='bbox 661 3989 694 4051; x_wconf 93' lang='lat' dir='ltr'>in</span> <span class='ocrx_word' id='word_1_285' title='bbox 711 3987 795 4052; x_wconf 80' lang='lat' dir='ltr'>aetlee</span> <span class='ocrx_word' id='word_1_286' title='bbox 809 4009 905 4074; x_wconf 87' lang='lat' dir='ltr'>quam</span> <span class='ocrx_word' id='word_1_287' title='bbox 919 3987 1093 4067; x_wconf 83' lang='lat' dir='ltr'>celerrime,</span> <span class='ocrx_word' id='word_1_288' title='bbox 1279 3997 1341 4056; x_wconf 78' lang='grc'>440</span> 
     </span>
     <span class='ocr_line' id='line_1_45' title="bbox 345 4073 1138 4161; baseline 0.005 -23"><span class='ocrx_word' id='word_1_289' title='bbox 345 4073 472 4161; x_wconf 80' lang='lat' dir='ltr'>Resque</span> <span class='ocrx_word' id='word_1_290' title='bbox 487 4073 674 4139; x_wconf 82' lang='lat' dir='ltr'>domesticas</span> <span class='ocrx_word' id='word_1_291' title='bbox 689 4095 782 4158; x_wconf 85' lang='lat' dir='ltr'>para:</span> <span class='ocrx_word' id='word_1_292' title='bbox 809 4073 908 4140; x_wconf 86' lang='lat' dir='ltr'>multa</span> <span class='ocrx_word' id='word_1_293' title='bbox 922 4073 1007 4140; x_wconf 89' lang='lat' dir='ltr'>enim</span> <span class='ocrx_word' id='word_1_294' title='bbox 1022 4075 1138 4142; x_wconf 90' lang='lat' dir='ltr'>mulier</span> 
     </span>
     <span class='ocr_line' id='line_1_46' title="bbox 345 4159 1010 4226; baseline 0.002 -1"><span class='ocrx_word' id='word_1_295' title='bbox 345 4159 379 4225; x_wconf 90' lang='lat' dir='ltr'>Si</span> <span class='ocrx_word' id='word_1_296' title='bbox 394 4160 468 4224; x_wconf 83' lang='lat' dir='ltr'>velit</span> <span class='ocrx_word' id='word_1_297' title='bbox 482 4160 620 4226; x_wconf 84' lang='lat' dir='ltr'>inveniet</span> <span class='ocrx_word' id='word_1_298' title='bbox 633 4159 674 4226; x_wconf 83' lang='lat' dir='ltr'>ad</span> <span class='ocrx_word' id='word_1_299' title='bbox 689 4162 866 4226; x_wconf 80' lang='lat' dir='ltr'>convivium</span> <span class='ocrx_word' id='word_1_300' title='bbox 882 4159 1010 4226; x_wconf 72' lang='lat' dir='ltr'>secuta</span> 
     </span>
     <span class='ocr_line' id='line_1_47' title="bbox 344 4237 1004 4326; baseline -0.006 -12"><span class='ocrx_word' id='word_1_301' title='bbox 344 4237 483 4314; x_wconf 78' lang='lat' dir='ltr'>Tantum</span> <span class='ocrx_word' id='word_1_302' title='bbox 499 4261 604 4312; x_wconf 88' lang='lat' dir='ltr'>autern</span> <span class='ocrx_word' id='word_1_303' title='bbox 620 4246 725 4312; x_wconf 89' lang='lat' dir='ltr'>adhuc</span> <span class='ocrx_word' id='word_1_304' title='bbox 739 4245 831 4313; x_wconf 91' lang='lat' dir='ltr'>nobis</span> <span class='ocrx_word' id='word_1_305' title='bbox 844 4260 891 4314; x_wconf 79' lang='lat' dir='ltr'>est</span> <span class='ocrx_word' id='word_1_306' title='bbox 904 4245 1004 4326; x_wconf 85' lang='lat' dir='ltr'>domi,</span> 
     </span>
    </p>
   </div>
   <div class='ocr_carea' id='block_1_3' title="bbox 0 0 1448 4856">
    <p class='ocr_par' dir='ltr' id='par_1_3' title="bbox 0 0 1448 4856">
     <span class='ocr_line' id='line_1_48' title="bbox 0 0 1448 4856; baseline 0 0"><span class='ocrx_word' id='word_1_307' title='bbox 0 0 1448 4856; x_wconf 95' lang='lat' dir='ltr'> </span> 
     </span>
    </p>
   </div>
  </div>
 </body>
</html>
