2784 4864
248 181 289 238 44
631 163 943 238 EURIPIDIS

333 340 465 406 Etiamsi
478 339 562 404 enim
577 361 642 404 nou
656 351 800 442 aegrotes,
813 343 869 408 scd
883 344 1045 410 existimes
1059 356 1091 410 te
1104 359 1307 434 egrotare,

330 425 441 492 Labor
453 423 638 491 mortalibus
652 439 684 491 et
697 427 892 494 mbeoiltios
906 428 1050 496 efficitur.

247 533 323 580 eno.
333 512 413 589 Hei,
426 509 490 588 bei,
504 509 568 589 bei,
613 571 618 578 ,
1030 571 1032 574 .

332 597 492 691 Οιεείοτεε
505 598 597 662 alata

332 684 473 750 Fluiosae
487 683 564 759 dete,

330 773 414 841 Qum
429 781 530 834 nactae
543 769 618 834 estis
631 768 745 834 lectum
759 770 909 836 dissimile
923 771 1080 840 Bacchico
1094 776 1127 840 iu
1292 783 1373 842 310

331 855 496 943 lucrymle
509 866 542 920 et
554 853 700 932 luctibus,

331 945 423 1008 Atrae
438 939 639 1018 Eumenides,
654 956 686 1006 et

222 1065 233 1084 ι
332 1027 396 1093 Per
408 1027 507 1092 latum
520 1047 625 1091 aerem
639 1025 760 1110 volatis,
775 1029 936 1116 sanguinis

247 1134 250 1144 ·
332 1113 527 1200 Ichisoentea
539 1133 680 1198 poenam,
694 1115 879 1180 adciscentes
891 1115 1022 1194 eudem,
1149 1148 1153 1158 ·

333 1199 496 1284 Supplico,
509 1197 662 1284 supplico,
1253 1205 1261 1222 ·

246 1303 253 1340 ι’
274 1351 277 1358 ,
332 1285 433 1352 Sinite
447 1284 548 1350 lilium
561 1285 808 1370 Agamemnonis
821 1288 878 1350 ob-

330 1369 563 1438 livisei'rabiem
577 1369 729 1448 insanam,
744 1369 842 1436 furio-

331 1479 416 1522 sam:
438 1456 500 1522 heu
514 1453 669 1532 laborum,

332 1541 501 1620 Qualibus,
517 1539 551 1606 0
563 1541 668 1618 miser,
683 1539 825 1625 pulsatus
839 1543 922 1628 pasis

330 1628 505 1693 Oaaculum
518 1648 559 1692 ex
573 1625 709 1712 tripode,
724 1627 811 1711 quod
825 1627 966 1694 Phoebus
1281 1644 1365 1702 320

311 1739 313 1744 ’
331 1713 437 1792 Dixit,
451 1713 542 1790 dixit,
557 1711 713 1796 accipiens
727 1713 761 1776 in
776 1712 854 1791 solo,

331 1799 401 1866 Ubi
413 1799 531 1865 dicitur
544 1820 610 1864 ease
623 1797 801 1864 umbilicale
813 1799 956 1885 adytum.

264 1885 268 1896 '
331 1885 398 1951 Hei
412 1885 547 1971 Jupiter,
1240 1893 1363 1976 (ant.)

331 1971 415 2048 Quoe
428 1967 669 2038 misericordia?
690 1971 783 2055 quale
796 1969 858 2036 hoc
871 1983 1031 2038 oemmen

330 2057 385 2124 De
397 2056 485 2122 coede
497 2057 592 2133 venit,

243 2171 247 2181 ·
331 2141 493 2208 hercana
506 2153 538 2207 te
551 2141 711 2220 miserum,
726 2143 778 2208 cui
790 2142 945 2229 lacrymas
1010 2193 1017 2202 ,

329 2227 496 2315 lacrymis
509 2225 617 2305 addit,

331 2314 458 2400 Aliquis
471 2314 572 2380 malua
584 2314 706 2402 genius,
720 2314 840 2380 ducens
852 2315 887 2380 in
900 2314 1032 2380 domum

328 2401 523 2488 Sanguinem
535 2401 645 2465 mauis
658 2413 733 2480 ωε,
749 2402 804 2487 qui
818 2414 850 2466 te
863 2401 1024 2489 exagitati

329 2489 512 2561 lamentor,
526 2485 692 2552 lamentor.
1273 2501 1355 2560 330

329 2571 454 2674 Magna
466 2570 594 2638 fortuna
605 2593 672 2636 non
686 2585 733 2638 est
743 2572 862 2640 stabilis
874 2573 957 2638 inter
970 2573 1134 2640 hommes:

330 2658 375 2724 Et
386 2669 467 2723 sicut
480 2657 583 2723 velum
598 2657 753 2724 naviculae
766 2658 875 2724 celeris

331 2744 524 2810 Concutiens
537 2743 627 2808 Deus
641 2744 797 2832 demergit
809 2743 985 2832 ingentium

330 2830 571 2906 AEtumuarum,
587 2839 739 2917 tanquam
753 2829 844 2914 ponti

329 2917 369 2981 In
382 2914 619 2982 vehementibus
633 2915 812 2981 exitialibus
826 2915 929 2980 undis.

330 3001 438 3078 Quam
452 3001 537 3066 euim
550 3000 703 3066 haetenus
715 3001 864 3068 familiam
878 3001 983 3080 aliam

328 3087 500 3154 Diversam
512 3109 608 3173 quam
623 3085 706 3154 banc
721 3111 741 3153 a
753 3087 868 3154 divinis
884 3088 1000 3173 nuptiis

329 3171 362 3238 A
376 3171 514 3238 Tantalo
527 3185 630 3240 ortam
644 3185 770 3260 oportet
782 3195 834 3238 me
848 3172 976 3238 colere?
1037 3211 1046 3218 -

329 3260 432 3345 Atqui
446 3263 501 3323 rex
514 3257 579 3324 huc
592 3261 688 3338 venit,

330 3343 498 3410 Menelaus
511 3343 677 3410 dominum
701 3343 792 3411 valde
805 3366 848 3410 ex
860 3344 942 3410 luxu

328 3429 514 3496 Manifestus
527 3429 671 3518 dignosci

329 3515 425 3594 Quod
440 3517 481 3581 sit
494 3537 534 3582 ex
547 3515 665 3582 familia
679 3513 896 3581 Tantalidum.

328 3606 360 3754 {l
374 3603 429 3690 qui
443 3601 606 3668 concitasti
618 3603 794 3670 exercitum
808 3601 895 3668 mille
908 3601 1036 3668 navium

349 3711 368 3753 n
383 3687 502 3766 Asiam

331 3775 433 3853 Salve,
448 3772 590 3839 secuuda'
600 3786 706 3840 autem
720 3773 846 3840 fortuna
858 3772 943 3838 ultro
956 3773 1063 3852 uteru,

330 3859 414 3924 Cum
428 3859 578 3926 divinitus
591 3858 729 3926 effeceris
742 3882 815 3947 quae
829 3859 956 3944 opmcti.

243 3967 306 4024 aaa.
332 3943 365 4010 Ο
378 3944 502 4024 domus,
516 3945 633 4033 partim
645 3945 780 4011 libenter
792 3959 825 4010 te
837 3945 965 4032 aspicio,

329 4029 468 4098 Veniens
481 4055 521 4098 ex
532 4031 640 4120 Troja,
654 4031 771 4117 partim
784 4031 892 4098 videns
905 4052 1010 4119 gemo.

329 4117 414 4182 Nam
428 4117 462 4184 iu
475 4117 586 4186 orbem
600 4117 825 4185 circumdatam
840 4116 1027 4183 miserandis
1041 4115 1132 4184 mdis

330 4201 501 4290 Nunquam
516 4204 581 4272 vidi
596 4208 697 4293 magis
710 4203 803 4272 aliam
817 4202 964 4270 domum.
1079 4211 1083 4218 '

1270 521 1373 604 (ser.)
