2862 4864
469 209 799 280 SUPPLlCES.

168 383 211 452 Et
222 383 408 450 collidentes
422 399 524 450 totum
540 386 679 452 medium
695 389 883 466 exercitum,

168 471 378 548 Oceidebsnt,
395 481 423 534 et
439 471 673 552 occidebantur,
689 488 720 538 et
734 473 888 540 didebant

168 557 235 624 sibi
251 573 363 622 mutuo
377 556 612 624 adhortationes
627 581 698 624 cum
715 581 834 648 magno
846 560 993 640 clamore,

168 645 250 722 Feri,
268 643 473 708 Erechthidis
487 643 608 709 hastam
624 643 747 710 fortiter
761 667 896 732 oppone.

168 729 259 794 Mani
285 732 358 794 ulus
371 731 454 794 enim
470 731 609 794 virorum
625 753 666 795 ex
682 731 829 796 dentibus
843 735 994 818 serpentis
1010 748 1164 812 ustorum,

170 819 253 882 Acer
262 751 404 880 issilator
417 830 499 880 erat:
524 817 687 881 inclinavit
700 818 782 882 enim
799 840 898 884 cornu

170 903 339 966 Sinistrum
355 915 519 966 nostrum:
542 903 595 966 sed
611 904 728 968 vietum
742 928 763 969 a
776 904 890 970 dextro

170 987 302 1054 illorum
318 987 478 1054 sinistrum
494 988 525 1052 fu
551 990 586 1068 it,
600 1003 731 1076 eratque
744 1003 902 1056 certamen
917 992 1048 1076 requele.

172 1073 211 1140 Et
225 1089 305 1140 tnnc
319 1089 387 1138 erat
401 1074 514 1140 laudan
540 1097 576 1140 us
589 1075 673 1140 dux:
1113 1087 1176 1154 7¹0

173 1161 246 1225 Non
262 1161 348 1224 enim
364 1161 465 1224 scium
481 1161 522 1226 de
534 1173 622 1243 parre
636 1163 755 1226 victrici
771 1165 929 1250 cogitavit,

171 1247 233 1312 Sed
248 1247 308 1310 isit
321 1245 361 1311 od
376 1269 467 1310 cornu
481 1247 628 1312 laborans
642 1249 690 1313 sui
705 1251 875 1316 exercitus.

171 1333 281 1398 Edidit
295 1347 401 1398 autem
417 1355 538 1414 vocem,
554 1349 589 1398 ut
603 1347 687 1398 terra
700 1336 848 1400 redderet
862 1340 1017 1403 sonitum:

170 1423 200 1482 0
213 1419 283 1494 filii,
302 1420 363 1482 nisi
376 1420 585 1484 sustinueritis
602 1420 736 1504 ripidam
752 1421 873 1487 hastam

170 1507 358 1592 Spsrtorum
376 1505 458 1570 hsnc
472 1507 623 1583 virorum,
638 1509 800 1592 perierunt
816 1531 866 1574 ree
885 1509 1036 1576 Palladis.

172 1591 291 1656 indidit
306 1603 411 1657 autern
428 1591 576 1658 fiduciam
593 1597 650 1657 toti
666 1595 819 1658 exercitui
836 1595 1075 1662 Crennideruru.

172 1678 307 1766 ipseque
320 1692 467 1764 correpte
484 1678 657 1763 Epirlsuris
671 1695 830 1745 armeturs

174 1763 397 1830 Formidcbilie
412 1765 510 1830 olasae
524 1764 588 1830 huc
602 1779 633 1829 et
648 1764 724 1830 illuc
738 1787 803 1830 eorrs
813 1767 938 1851 jactans
952 1768 1109 1846 vibrabat,

171 1851 270 1916 Simul
287 1849 379 1928 colis,
395 1863 428 1915 et
440 1869 537 1935 caput
552 1849 696 1916 indutum

172 1935 289 2002 Galeas
305 1935 478 2014 demetens,
493 1951 525 2002 et
539 1937 625 2026 ligno
640 1935 842 2002 detrutrcans.
1114 1949 1177 2008 720

172 2023 304 2110 Vixque
317 2021 445 2088 tendens
460 2025 615 2088 convertit
629 2047 683 2088 eos
698 2025 731 2088 in
746 2023 865 2112 hugum.

174 2107 244 2196 ugo
257 2123 365 2174 sutem
382 2109 563 2188 exclamavi,
579 2124 610 2174 et
624 2109 733 2174 saltavi

176 2195 216 2260 Et
230 2195 384 2280 complosi
400 2199 555 2262 manibus.
601 2195 650 2260 llli
667 2219 742 2260 vero
754 2195 925 2262 tendebant
939 2195 979 2260 ad
995 2209 1113 2282 portas.

174 2281 305 2346 Clamor
319 2295 424 2346 nutem
440 2297 471 2346 et
486 2281 621 2348 ululatus
636 2291 703 2346 e'rat
718 2282 749 2346 in
767 2283 845 2346 urhe

174 2369 344 2444 Juvenum,
359 2379 389 2433 et
404 2389 524 2446 senum,
541 2385 571 2432 et
587 2367 760 2454 implebant
774 2367 888 2452 templa

177 2453 280 2520 Meto.
314 2454 398 2518 Cum
412 2469 517 2520 autern
531 2454 640 2518 liceret
654 2456 774 2520 irruere
790 2456 823 2520 in
839 2455 960 2532 urbem,

175 2541 320 2605 Theseus
335 2543 479 2626 repressit
493 2563 580 2606 uros:
602 2561 665 2604 noo
681 2543 767 2606 enim
780 2554 996 2626 expugnatum
1013 2539 1122 2604 urbem

177 2625 314 2692 Dicebat
329 2649 362 2692 se
377 2627 507 2706 senisse,
521 2627 575 2692 sed
592 2628 756 2712 repetitum
772 2627 933 2692 cadavera.

174 2713 287 2778 'i'slem
304 2727 431 2798 oportet
445 2715 561 2800 eligere
574 2715 737 2798 copiarum
755 2713 879 2790 ducem,

174 2801 236 2870 Qui
252 2813 284 2864 et
299 2801 333 2864 in
347 2798 494 2884 periculis
509 2799 664 2876 sitiortis,
1117 2807 1181 2868 780

178 2885 220 2952 Et
232 2885 339 2952 oderit
352 2885 507 2970 popolurn
523 2887 722 2962 insolentem,
738 2886 793 2972 qui
809 2885 840 2949 in
856 2884 1002 2950 secundis
1017 2882 1109 2948 rebus

177 2971 213 3036 ln
229 2993 370 3038 summos
383 2973 538 3038 scolarum
553 2973 672 3061 gradus
686 2972 837 3036 scandere
1192 3021 1198 3030 .

176 3059 344 3136 Querens,
358 3056 496 3144 perdidit
510 3081 596 3124 suaso
613 3057 804 3134 felicitatem,
820 3079 883 3142 qus
897 3056 958 3122 hui
974 3069 1108 3142 poterat.

99 3165 167 3210 cuo.
180 3145 286 3222 Nune,
302 3143 411 3210 ridens
424 3167 485 3234 ego
499 3144 582 3210 hanc
596 3145 785 3230 insperatam
799 3141 895 3220 diem,

176 3232 293 3297 indico
306 3254 373 3296 esse
386 3231 483 3308 Dece,
498 3245 530 3297 et
544 3245 623 3316 puto
637 3229 830 3296 minoritates
845 3251 932 3294 mese

176 3319 319 3383 Minores
332 3339 410 3396 esse,
426 3339 498 3382 curn
514 3317 567 3382 isti
581 3317 727 3382 dederint
739 3337 860 3402 poeuas.

101 3423 147 3468 aa.
175 3403 209 3470 Ο
221 3403 359 3490 Jupiter,
374 3403 525 3490 quidnam
540 3404 670 3468 miseros
683 3401 828 3468 homines

176 3491 300 3556 Dicunt
314 3487 450 3576 serpere?
471 3513 509 3555 es
524 3509 556 3555 te
570 3491 653 3554 enim
669 3489 856 3574 pendemus,

177 3577 219 3643 Et
233 3575 309 3642 talis
321 3575 463 3652 iacimus,
479 3597 677 3663 quecunque
691 3589 726 3640 tu
740 3576 798 3640 sis.

176 3663 278 3730 Nobis
291 3663 376 3728 enim
391 3675 460 3728 erat
473 3674 550 3728 tune
564 3663 671 3746 Argos
685 3682 749 3726 non
764 3657 995 3735 sustinendum,
1120 3663 1183 3724 740

178 3751 189 3816 Ι
233 3752 241 3766 “
266 3771 307 3814 ne
320 3746 412 3814 multi
426 3749 598 3835 etjusener
611 3747 760 3822 brachiis,

177 3771 365 3902 §Ennea
376 3849 491 3922 agente
504 3833 545 3900 de
560 3835 799 3921 compositione,
943 3915 949 3928 1

176 3927 224 3986 Ac
238 3921 431 3987 concedente
445 3921 619 3998 moderstn,
635 3943 699 3986 non
715 3919 872 3984 voluimus
885 3937 1039 4000 accipere,

178 4009 221 4074 Et
235 4007 351 4074 deinde
363 4007 525 4093 periimus.
559 4007 617 4072 ille
632 4028 706 4072 sero
720 4021 797 4072 tunc
812 4003 1002 4080 fortunatus,

175 4095 267 4160 Sicut
282 4115 403 4180 psnper
415 4094 573 4180 accipiens
588 4115 695 4160 recens
710 4105 817 4178 partas
831 4107 918 4174 opes,

175 4181 256 4248 Emt
270 4181 418 4258 insoleus,
433 4197 465 4246 et
480 4180 616 4246 insolens
631 4201 740 4246 rursus
753 4175 849 4262 periit
897 4225 902 4238 .

175 4267 300 4334 Stultus
315 4267 452 4354 populus
466 4267 589 4332 Cadmi.
635 4265 668 4334 O
682 4265 769 4333 stulti
783 4262 937 4340 homines,
