2852 4862
255 203 318 264 898
634 187 960 256 EURIPIDIS

341 365 530 443 Incendoot,
545 377 600 430 eut
613 365 690 452 qnid
704 377 813 454 egunt,
827 363 969 430 Troedee
982 365 1167 451 penmelin,

341 455 390 520 Ut
402 454 549 540 qnaejom
565 453 631 517 siut
642 450 815 517 edooendte
828 472 869 516 ex
883 452 941 516 hoe
952 452 1083 539 regione
1414 489 1415 536 3

341 539 395 606 Ad
411 542 527 626 Argoo,
542 549 976 626 orementqueeunoorporo,
1274 551 1335 608 eoo
1414 551 1415 624 ξ

339 625 490 691 Volentee
504 622 613 688 morii
633 623 805 689 admodum
820 645 894 688 sane
908 623 989 688 liber
1003 625 1124 692 animm
1414 627 1415 682 ἶ

342 711 382 778 In
396 711 576 797 hujusmodi
590 710 707 776 casine
720 731 806 810 tegre
820 712 883 776 tert
894 709 986 776 mole.

340 799 452 882 Aperi,
467 796 565 882 operi,
581 795 722 882 nequod
736 795 785 860 ho
799 797 920 880 quidem
934 807 979 862 eet
992 797 1206 878 eommotlom,

340 883 464 950 Grecis
476 903 553 946 vero
567 881 814 958 incommodum,
829 881 862 948 ln
877 903 929 946 me
942 881 1069 968 culpem
1083 883 1264 950 ninom
1334 903 1338 910 ·
1414 879 1415 966 l

257 991 336 1037 nec.
345 971 421 1036 Non
435 972 577 1053 estquod
587 979 686 1051 pstor,
703 989 768 1033 oon
783 967 966 1045 inoendnnt,
981 968 1036 1033 eed
1050 967 1117 1034 filie
1130 991 1201 1036 men

342 1055 498 1140 Correpto
510 1053 616 1120 fitrore
632 1055 808 1120 Cassandro
821 1053 884 1119 huo
898 1053 999 1119 fertur
1012 1077 1116 1120 eorm.

258 1163 325 1208 cte.
345 1142 446 1208 Retro
474 1141 560 1219 oetle,
589 1139 631 1206 od
661 1142 745 1205 Intus
781 1139 870 1218 vnde,
904 1143 1011 1206 lumen
1039 1139 1103 1206 ier:
1140 1143 1264 1230 quatio,
1285 1165 1338 1208 no-
1414 1128 1415 1144 ἵ

426 1226 527 1292 endo
1183 1231 1339 1314 ‹moe›
1414 1263 1415 1266 κ

342 1314 381 1378 In
396 1312 486 1378 taedie
501 1313 597 1376 hoooe
610 1333 743 1376 socrum.

343 1398 375 1465 Ο
390 1397 532 1484 Hymen,
550 1396 728 1482 Hymenaee
741 1419 810 1476 rex,

342 1485 437 1562 Eooe,
452 1506 523 1548 ecoe
538 1481 545 1548 l
568 1483 679 1548 beans
694 1504 826 1566 sponsus
1277 1495 1339 1552 81⁰

342 1571 444 1636 Bente
457 1571 551 1634 etiem
566 1591 637 1657 ego,
651 1569 741 1657 regio
754 1583 826 1636 toro

342 1655 442 1742 Apud
457 1656 594 1741 Argivos
607 1676 732 1741 sponse.

343 1741 375 1808 Ο
393 1743 533 1828 Hymen,
550 1740 728 1827 Hymentee
741 1763 806 1807 rex.

342 1828 397 1894 Tu
410 1829 528 1914 ntique,
542 1839 654 1905 meter,
668 1826 836 1914 lachrymis
849 1840 882 1892 et

342 1913 634 1980 Lamentationibus
648 1927 808 1980 mortuum
823 1926 955 1998 petrem,
970 1927 1002 1980 et
1015 1914 1150 2000 petriam

342 1999 478 2064 Chorem
492 1999 646 2085 deploras,

342 2085 414 2173 Ego
427 2107 501 2150 vero
514 2097 643 2170 propter
656 2107 741 2148 meos
757 2086 881 2171 nuptias

344 2170 495 2237 Aooendo
508 2171 590 2258 ignis
603 2169 761 2236 flaminem

343 2257 430 2322 Inter
443 2257 559 2338 Ionem,
572 2260 654 2320 inter
666 2255 833 2343 fulgorem,

343 2343 485 2430 Hymen,
501 2343 532 2407 Ο
548 2341 726 2428 Hymenaee
740 2340 809 2407 tibi.

343 2429 422 2508 (Pro
444 2443 492 2492 ter
506 2428 661 2514 virginum
676 2429 824 2512 nuptias.)

343 2518 374 2580 0
390 2451 536 2590 Hpeonbe,
551 2513 657 2578 lumen
672 2513 852 2598 praeferens,

343 2601 478 2687 Propter
492 2600 618 2684 nuptias
632 2599 801 2686 virginum,

342 2687 431 2754 Sicut
445 2684 639 2752 eonsuetudo
653 2684 721 2750 lert.

342 2767 515 2840 sublimem
528 2770 614 2858 egita
627 2771 761 2856 pedemt
782 2771 845 2836 duo
858 2768 1001 2847 choum,
1013 2769 1230 2858 Euan,(eooe)
1247 2777 1343 2857 (mn.)
1414 2779 1415 2812 ³

341 2859 510 2946 Tanquam
522 2857 605 2921 inter
618 2857 717 2942 petris
730 2857 792 2922 mei

343 2945 564 3010 Felicissimem
578 2942 746 3008 fortunem.

343 3031 439 3097 Seoer
452 3042 500 3095 est
512 3030 644 3094 choros:
667 3030 730 3094 dno
743 3041 779 3093 tn
792 3027 892 3105 illum,
907 3029 939 3091 0
954 3027 1092 3094 Phoebee

342 3116 382 3180 In
396 3129 451 3182 tno
465 3115 682 3180 lauris-cincto

339 3201 487 3286 Templo,
501 3200 698 3266 inhonorem
714 3197 900 3266 Seoerdotie.

340 3287 482 3373 Hymen,
499 3285 531 3352 Ο
547 3288 688 3373 Hymen,
705 3285 848 3372 Hymen.

339 3372 497 3460 Tripodin
511 3387 621 3449 meter,
636 3372 745 3437 attolle
759 3385 849 3436 tuum
863 3369 986 3456 pedem,

341 3459 448 3524 Flecte
462 3460 525 3524 hnc
539 3472 569 3524 et
582 3459 658 3524 illue
671 3479 793 3523 meeum
809 3457 924 3543 pedum

341 3545 458 3610 Ferens
471 3545 686 3610 charissimum
700 3565 851 3632 gressum.

340 3631 427 3696 Bene
441 3631 574 3696 olemete
589 3631 817 3717 Hymenaeum,
833 3627 874 3705 Ο,

339 3716 470 3784 Beetom
508 3717 657 3784 indicate
670 3715 860 3781 oormInibue

340 3803 478 3870 Clemon
503 3826 601 3890 usqne
614 3824 771 3888 sponsam.

340 3889 398 3967 lte,
415 3888 448 3955 Ο
460 3889 601 3976 pulchris
615 3889 715 3974 peplis
728 3900 848 3954 ornetoe
865 3885 1028 3974 Phrygum

338 3973 496 4063 Virgines,
511 3977 614 4041 canite
628 3998 712 4040 mens
725 3974 848 4060 nuptito

338 4059 382 4125 Et
397 4063 542 4128 meritum
557 4061 653 4128 nubili
667 4083 738 4128 meo
750 4060 885 4126 letaliter
898 4058 1098 4124 damnum.

252 4165 329 4212 ono.
339 4144 372 4211 Ο
385 4147 505 4232 region,
521 4170 584 4212 non
600 4147 745 4213 retinebis
760 4145 896 4230 puellam
913 4144 1129 4224 boooltnntem,

339 4231 389 4298 Ne
403 4231 492 4298 tollet
506 4234 604 4298 levem
619 4255 763 4322 gressum
776 4233 809 4298 in
825 4233 1016 4316 Argivorum
1032 4230 1236 4298 exereitum?
