2798 4862
467 205 724 284 RHESUS.
761 246 764 254 ›
792 271 795 276 ,
1072 217 1142 294 m

158 379 447 454 Mensorum·
459 381 710 450 ccllocwits'rnn
1069 397 1133 455 610

131 481 133 488 “
159 471 277 547 Horas,
290 467 393 536 denec
405 469 494 534 nocti
504 467 652 534 soeoedut
664 469 723 535 lux
731 471 807 536 diei.

158 559 247 641 Prope
260 566 366 620 sutem
380 554 452 641 aqui
468 547 623 620 Thracios
637 554 677 621 ad
691 575 802 621 crurus
868 585 871 600 ·

156 643 217 709 Albi
228 641 317 730 ligati
330 653 415 718 aaut
428 639 476 708 cel
488 657 584 706 noctu
599 643 776 727 conspicuis

157 728 278 814 Fulgent
292 727 386 804 enim,
401 725 498 792 veluti
510 723 643 794 fluvialis
656 728 751 829 cygni
766 747 879 814 psum.

156 815 223 892 Hos,
236 811 399 878 interiecto
413 812 558 891 dominos
567 811 725 894 ‘abducata
778 861 780 872 .

155 899 390 968 Pulclrerrimam
405 897 545 982 predam
558 899 722 966 domibus:
745 919 813 966 nou
924 915 972 968 eet
983 901 1041 968 ubi

155 985 337 1072 Hujrrsmodi
349 1005 479 1052 carmus
493 998 578 1052 terra
632 999 765 1052 umtmn
780 987 894 1074 cupiat.

82 1095 149 1142 etr.
159 1077 215 1138 Aut
228 1085 261 1136 tu
276 1070 461 1149 Diomedes,
475 1072 598 1146 trucida
721 1073 789 1138 ium
802 1073 966 1159 populum,

153 1160 211 1225 Aut
224 1157 301 1222 mibi
314 1157 475 1242 permittet
498 1171 619 1223 terem
631 1171 757 1246 oportet
770 1181 1000 1246 curareeqeoa
1189 1239 1194 1246 Ι

77 1269 139 1314 nro.
153 1245 215 1332 ago
226 1242 380 1323 occidam,
394 1257 430 1308 tu
444 1265 520 1310 vero
533 1243 677 1310 dombis
689 1267 796 1332 equos.
925 1275 928 1284 ·
1071 1252 1136 1312 620

153 1331 198 1398 Tu
211 1331 293 1478 enipi
308 1352 341 1394 es
354 1328 542 1396 exercitatus
555 1331 589 1395 in
604 1331 700 1397 rebus
719 1331 926 1419 elegantibus,
947 1345 982 1397 et
996 1331 1137 1398 inuenire

226 1437 332 1480 soors.
686 1457 701 1486 t

150 1501 277 1650 Oporftet
295 1521 373 1602 reru
393 1500 563 1587 quemlibet
583 1504 625 1568 ibi
644 1503 812 1583 cobomre,
824 1504 881 1569 ubi
901 1503 1039 1570 maxime
1051 1503 1136 1571 utilis

69 1674 239 1759 tirampni
254 1672 296 1738 ad
310 1693 363 1738 roa
377 1670 466 1738 bnuc
479 1672 699 1740 Alexandrum
711 1675 805 1741 rideo

148 1760 339 1836 Venientem,
354 1760 411 1846 qui
421 1779 464 1824 ex
479 1758 586 1845 aliquo
599 1761 731 1827 cmcode
743 1761 869 1827 rescivit

147 1847 293 1911 Rumores
306 1845 443 1911 moetos
458 1848 496 1910 de
509 1845 651 1912 hostibus
665 1847 912 1912 advarieutibns.

63 1955 132 2003 uru.
146 1931 260 1998 Utrum
275 1953 347 1996 cum
361 1931 440 2011 aliis,
454 1951 495 1995 an
509 1931 596 1996 solus
609 1933 720 1998 vadit?

60 2018 248 2098 masclae,
263 2031 300 2082 ut
312 2017 446 2094 videtur,
462 2017 501 2082 ad
516 2017 633 2084 cubilia
648 2019 797 2086 Hectoris

145 2105 248 2182 Vadit,
263 2101 459 2168 indicaturus
474 2105 684 2188 speculatores
698 2105 854 2170 exercitus
868 2103 1038 2172 ulvenime.

59 2214 129 2258 oro.
145 2191 229 2256 Num
244 2201 369 2274 oportet
383 2187 471 2252 illum
486 2191 573 2275 prius
587 2188 692 2256 mori?

52 2299 134 2344 mre.
145 2277 217 2343 Non
230 2275 349 2361 poteris
362 2275 434 2361 plus
449 2273 525 2342 suto.
1069 2285 1133 2342 630

144 2363 243 2429 Hunc
256 2361 341 2426 enim
355 2383 375 2426 a
389 2373 446 2426 tua
459 2383 556 2427 manu
571 2363 649 2430 mori
665 2361 751 2428 nefas
765 2373 817 2428 est

142 2448 204 2514 Sed
218 2448 270 2512 cui
285 2445 371 2512 venis
385 2445 511 2511 fatalem
527 2448 648 2514 crudem
662 2447 808 2529 utrem,
820 2452 862 2514 ud
873 2449 958 2525 illata

142 2535 300 2620 Propera:
323 2555 384 2619 ego
397 2553 474 2598 vero
486 2531 580 2620 hujus
594 2535 736 2619 adjutrix
752 2535 861 2600 Venus

141 2621 219 2686 viu
230 2620 290 2706 ipsi
305 2618 484 2684 auxiliatrix
500 2621 532 2684 in
547 2621 706 2686 laboribus
719 2621 836 2698 adase,

139 2706 294 2772 lnanibus
309 2704 506 2770 sermonibus
520 2707 684 2771 inimicum
697 2705 799 2771 virum
813 2706 977 2792 excipiam.
1138 2777 1143 2786 ¹

137 2791 250 2880 Atque
262 2790 333 2942 breg
347 2791 475 2876 quida
489 2813 549 2879 ego
563 2792 633 2858 dixi
646 2793 748 2857 colb.-
771 2792 825 2856 sed
845 2794 992 2879 laquem
1011 2802 1139 2876 oportet

225 2878 308 2942 iuter
331 2877 372 2955 ci,

137 2963 216 3029 Non
231 2963 331 3044 novit,
345 2983 404 3028 nec
417 2962 548 3039 audivit,
562 2964 704 3048 quamvis
718 2963 757 3028 sit
771 2984 884 3049 prope,
898 2983 1084 3028 sermonem.

34 3073 125 3120 aaa·
139 3050 194 3114 Te
207 3049 334 3126 ducem,
350 3061 381 3114 at
394 3049 522 3115 fratrem
539 3047 682 3133 appello;

136 3135 279 3212 Hector,
294 3132 437 3198 dormis?
457 3155 522 3198 non
536 3135 715 3224 expergisci
731 3147 763 3201 te
777 3133 945 3216 convenit?

132 3221 269 3308 Aliquis
281 3219 419 3286 bostium
434 3222 668 3308 appropinquat
681 3235 792 3287 nortm
805 3222 968 3300 aaercbui,
1074 3229 1142 3288 Gau

129 3311 203 3374 Aut
217 3305 312 3384 fures,
327 3322 383 3371 aut
396 3307 606 3393 speculatores
619 3307 759 3394 quidam.

20 3421 76 3464 ru
84 3412 125 3462 Ι.
136 3394 240 3460 Bono
253 3394 294 3457 sis
308 3393 435 3458 animat
458 3406 563 3460 amat
576 3405 609 3458 te
622 3391 694 3460 baec
706 3393 858 3460 mascula
873 3395 990 3458 Varus.

128 3481 236 3545 Curae
250 3499 325 3544 vero
338 3491 385 3544 est
399 3478 478 3543 mihi
493 3491 583 3546 tuum
598 3479 725 3558 bellum,
741 3503 799 3546 nec
813 3502 883 3544 sum
896 3480 1062 3544 immemor

129 3565 321 3632 Honorias
335 3575 366 3630 te
379 3565 484 3644 deleti,
498 3563 650 3652 laresque
666 3567 729 3645 tibi,
745 3565 901 3635 beneficio
913 3565 1025 3631 affecta
1038 3589 1059 3629 a
1071 3577 1113 3632 tc.

125 3653 180 3718 Et
195 3674 285 3718 uonc
298 3652 439 3738 Trojano
451 3651 595 3738 exercitu
609 3651 737 3720 feliciter
750 3663 864 3740 agente

121 3739 272 3816 Adsum,
287 3736 446 3803 adducens
460 3733 518 3802 tibi
533 3759 684 3825 magnum
699 3739 847 3817 amicum,

121 3823 318 3890 'l'hracium
333 3823 433 3890 lilium
448 3823 629 3890 cantatricis
642 3823 713 3890 deas

121 3909 258 3988 Musae,
274 3909 371 3994 patris
385 3932 459 3976 vero
475 3911 653 3996 Strymonis
666 3911 898 3991 vocaturfibru.

15 4023 101 4070 ms.
121 3997 278 4082 Semper
291 3995 445 4064 baumola
457 4019 491 4062 ea
505 3997 575 4062 bac'c
586 3998 670 4075 urbi,

118 4084 177 4150 Et
194 4081 287 4160 mihi.
317 4081 501 4148 Maximum
515 4083 548 4147 in
565 4081 897 4150 bucrituthesanrum
1076 4091 1140 4148 650

114 4169 251 4247 Quum
267 4167 324 4234 tibi
339 4168 477 4254 palmam
491 4168 607 4235 detulit
621 4169 696 4236 buic
709 4167 781 4233 urbi
795 4167 955 4236 addidisse
966 4167 1049 4233 dico.
1206 4182 1216 4220 t
1253 4237 1257 4246 p

115 4256 361 4322 Venioautero
371 4255 594 4322 auditurenon
603 4257 784 4341 perspicue:
801 4255 1002 4320 rumoreuim
1012 4251 1141 4341 quidam
