2824 4860
458 223 717 292 HECUBA.
843 305 845 311 y
1081 245 1127 303 ut

44 421 119 468 ouo
131 399 207 468 Heu
235 399 326 477 mibi,
353 397 433 500 quid
459 413 627 500 narratura
651 396 708 463 es?
738 419 905 479 aurumne,
927 415 963 469 ut
982 405 1125 490 baberet,

45 483 730 672 mhhnqqsqqqqqqtqqtgq’teqqqztgmpem
744 571 994 657 admirationem,
1064 588 1127 650 700

129 661 202 726 Non
217 661 284 746 pia,
298 681 402 746 neque
415 659 590 726 toleranda.
612 658 668 724 ubr
678 658 731 743 jus
743 657 931 745 hospitum?

127 745 181 813 nh
196 747 348 812 scelerate
362 746 421 822 vir,
436 759 473 810 ut
485 745 611 812 laniasti

130 833 270 918 Corpus,
284 832 388 898 ferreo
401 853 510 898 secane
524 832 633 917 gladio

129 919 282 984 Membra
294 920 391 1006 hujus
401 917 505 1005 pueri,
520 940 623 1006 neque
635 915 782 984 misertus
795 941 837 986 es.

47 1005 161 1072 cuo.0
176 1005 299 1083 infelix,
315 1019 354 1070 ut
368 1017 400 1070 te
413 1007 714 1071 aerumnosissimum
730 1007 912 1074 mortalium

127 1093 268 1158 Daemon
283 1091 434 1170 reddidit,
449 1094 631 1178 quicunque
644 1103 691 1156 est
705 1092 763 1157 tibi
777 1093 926 1162 infensus.

131 1179 333 1245 Sed-video
346 1178 431 1242 euim
447 1179 541 1264 hujus
553 1177 679 1243 domini
692 1201 731 1243 oo
770 1203 808 1245 us

128 1269 153 1328 tl
179 1263 537 1342 amemnonis-exinde
550 1201 774 1343 laceramur&
1087 1322 1089 1330 ,

48 1371 121 1415 toa·
130 1289 280 1429 liecube,
295 1350 374 1452 quid
388 1351 548 1418 cuncteris
563 1349 658 1415 liliam
672 1363 761 1415 tuem
775 1352 935 1420 occultare
950 1357 1119 1442 sepulchro

131 1437 281 1514 Veniens,
297 1451 379 1502 eruut
392 1436 583 1524 Talthybius
597 1437 759 1502 nunciavit
773 1439 862 1517 mihi,
1066 1455 1130 1517 710

131 1524 181 1588 Ne
193 1524 367 1612 attingeret
379 1535 467 1588 tuam
483 1523 648 1610 quisquam
662 1524 855 1626 Argivorum
869 1528 1030 1613 puellam?

131 1611 199 1676 Nos
213 1611 325 1695 utique
339 1610 482 1692 sinimus,
496 1631 599 1710 neque
612 1611 815 1698 attingimus:

131 1697 182 1761 Tu
197 1719 276 1762 vero
288 1696 390 1761 otiosa
403 1719 448 1774 es,
464 1709 499 1762 ut
514 1717 610 1761 rmrer
623 1719 693 1782 ego.

131 1783 235 1848 Venio
248 1804 326 1847 vero
340 1785 547 1848 accersiturus
561 1795 609 1848 te:
632 1804 704 1870 quae
718 1782 783 1848 illio
798 1783 883 1848 enim
897 1785 978 1852 bene

131 1872 215 1934 Acta
228 1881 316 1948 sunt,
332 1869 451 1970 siquid
466 1881 573 1934 tamen
587 1868 704 1934 borum
717 1881 767 1933 est
778 1870 870 1934 bene.

133 1954 232 2035 Hem,
248 1977 345 2043 quem
359 1976 464 2020 virum
478 1955 565 2020 hunc
577 1953 611 2019 in
626 1955 770 2020 tentoriis
784 1956 876 2022 video

134 2041 305 2108 Mortuum
327 2063 368 2106 ex
390 2039 562 2128 Trojanis?
593 2040 767 2106 nonenim
790 2043 980 2110 Graecorum
1003 2045 1134 2134 aliquem

215 2149 291 2206 εειε,
306 2142 408 2193 vestes

135 2213 184 2280 Co
223 2237 262 2280 us
275 2213 470 2280 involventes
482 2215 630 2279 nuntient
643 2205 734 2281 mibi.

57 2301 191 2368 arodus
216 2303 224 2317 '
262 2302 461 2386 -meipsam
474 2299 560 2365 enim
574 2300 657 2379 dico,
673 2300 781 2366 diceus
795 2313 882 2381 te,-

135 2387 286 2467 Hecuba,
303 2385 393 2464 Quid
406 2385 543 2452 luciam?
563 2398 670 2452 utrum
686 2387 849 2472 procidam
863 2390 904 2455 ad
918 2413 1022 2478 genua
1072 2401 1140 2462 720

134 2474 384 2564 Agamemnonis
397 2472 539 2559 hujusce,
555 2486 612 2538 eut
624 2472 722 2538 seram
739 2475 833 2541 tacite
847 2475 954 2542 mula?

60 2583 129 2626 son.
139 2561 227 2639 Quid
243 2559 321 2626 mihi
337 2562 367 2625 in
382 2559 494 2625 faciem
509 2572 635 2647 tergum
649 2563 816 2626 obvertens
830 2575 921 2628 tuum

137 2648 261 2726 Ploras,
277 2647 365 2734 quod
379 2661 485 2712 actum
499 2659 546 2712 eat
560 2667 637 2712 vero
651 2667 716 2712 uon
729 2646 831 2713 dicis?
851 2651 922 2736 quis
935 2661 982 2716 eat
995 2649 1072 2716 hiet

63 2754 128 2800 vec
140 2734 202 2802 Sed
216 2735 244 2799 ei
257 2755 310 2798 me
323 2755 444 2798 servam
460 2731 647 2820 hostemque
660 2731 779 2798 ducens

137 2823 168 2886 A
183 2821 320 2909 genibus
335 2819 511 2906 repelleret,
527 2819 669 2884 dolorem
685 2823 794 2907 utique
807 2821 899 2888 nobis
912 2845 1095 2912 augeamus.

62 2927 128 2970 rua
138 2907 214 2972 Non
227 2907 377 2995 equidem
388 2928 458 2971 sum
473 2919 571 2985 vetes,
589 2919 623 2970 ut
637 2927 702 2970 non
716 2907 847 2974 audiens

138 2993 261 3059 Possim
277 2993 467 3082 investigare
480 3005 611 3058 tuorum
625 2993 708 3058 viam
722 2995 937 3060 consiliorum.

64 3083 189 3146 usoAn
203 3081 396 3166 interpretor
410 3078 538 3166 quidem
553 3078 594 3143 ad
608 3078 643 3144 id
657 3079 741 3179 quod
758 3081 919 3147 inimicum
935 3095 982 3146 est
998 3073 1001 3082 ’

139 3166 246 3256 Magis
260 3181 399 3234 mentem
414 3167 518 3252 hujus,
533 3165 696 3232 existentis
710 3169 894 3254 neutiquam
909 3167 1053 3234 inimici?

64 3273 131 3317 tos.
142 3254 176 3318 Si
192 3253 322 3339 quidem
337 3275 388 3318 me
401 3253 448 3317 vis
462 3253 576 3317 berum
590 3251 670 3316 nihil
685 3251 765 3318 scire
778 3275 897 3338 rerum,
1077 3263 1140 3326 780

138 3340 189 3406 Ad
204 3339 290 3405 idem
301 3341 404 3404 venis:
427 3338 544 3404 etenim
558 3360 618 3404 neo
632 3360 692 3426 ego
706 3341 816 3406 audire
831 3342 913 3408 volo.

65 3443 137 3494 unc.
143 3426 244 3492 Haud
258 3448 388 3511 poaeum
402 3424 520 3512 absque
532 3423 596 3489 hoo
609 3425 719 3490 ulcisci

138 3513 272 3578 Liberos
287 3535 390 3590 meos;
414 3513 491 3599 quid
506 3509 600 3576 volvo
613 3509 707 3576 haec?

139 3599 270 3665 Audere
283 3621 409 3666 neoease
422 3611 480 3676 est,
494 3599 560 3664 sive
572 3618 758 3685 consequar,
773 3599 839 3666 sive
852 3623 917 3668 aon
932 3623 1119 3691 consequar.

139 3689 375 3774 Agamemnon,
391 3685 537 3771 supplico
551 3684 609 3749 tibi
623 3707 681 3770 per
694 3684 764 3751 brec
776 3710 881 3776 genua

139 3775 183 3839 Et
197 3785 286 3838 tuam
302 3771 434 3838 barbam
447 3771 657 3858 dextramque
668 3771 802 3838 felicem.

70 3859 251 3936 aanuam
266 3882 333 3925 rem
349 3854 518 3946 quaerena?
539 3870 646 3923 utrum
661 3857 793 3926 liberam

140 3947 251 4012 Vitam
265 3942 422 4012 reddere?
442 3943 534 4010 lacile
547 3944 633 4008 enim
648 3945 703 4008 ltoe
716 3957 765 4011 est
779 3945 849 4012 tibi.

70 4033 218 4099 nuoNon
232 4055 324 4098 saue:
349 4031 450 4098 malos
463 4029 579 4096 etenim
597 4029 762 4110 ulciscens,

141 4119 252 4186 Vitam
267 4119 445 4185 universam
460 4118 577 4183 servire
591 4117 674 4182 volo.

72 4225 134 4270 rot.
142 4207 212 4272 Nos
226 4219 331 4272 autem
347 4205 389 4272 ad
404 4204 492 4294 quod
507 4203 661 4270 auxilium
677 4205 795 4272 mous?

14 4349 15 4382 ,
72 4293 236 4361 muniuit
252 4295 380 4374 borum,
395 4315 469 4378 quoe
484 4307 518 4360 tu
533 4290 684 4442 000030
698 4314 776 4359 rex:

14 4389 15 4419 l
361 4385 365 4392 '
599 4399 617 4443 c
715 4419 719 4426 ,

787 1267 909 1332 amium.

495 4575 510 4616 i
