2852 4862
250 215 315 278 ssu
593 203 922 294 annuorum
971 293 976 310 .

337 381 479 449 Ubinam
495 381 625 448 Hector

335 468 404 536 Sub
418 467 529 554 clypeo
543 487 691 552 somnum
703 466 829 554 erupit?

335 555 398 621 Cui
410 555 590 704 principum
605 555 760 620 exercitus
775 552 949 620 indicabo?

335 639 696 728 Quoiupmismmre?
716 639 1064 730 quuibanbiaquidum

336 728 420 793 Cum
433 726 541 794 fecerit
553 727 678 793 ooeutn
691 727 773 792 muts
786 727 936 794 evanidus
949 729 1066 807 attat,
1078 726 1287 796 mutuatum.

335 813 513 879 Thracibus
526 811 647 878 luctum
662 835 786 898 paraus,
801 813 1029 916 sgiommans.
1265 821 1331 884 740

251 919 328 966 cuo.
340 899 470 986 Aliquid
484 899 559 976 mali
572 900 721 966 accidisse
735 898 876 966 Thrumo
888 902 1040 966 usmitai

335 985 481 1064 Videtur,
494 999 647 1072 quantum
662 985 748 1051 buno
762 987 1070 1075 audisusooguosuo.

247 1071 438 1140 tonuerit
449 1072 617 1152 aeduus,
631 1071 745 1138 ouoidit
756 1093 816 1140 rex
955 1083 957 1086 '

336 1159 460 1224 Butos·
471 1157 505 1244 pl

337 1244 449 1320 Qualia
462 1267 513 1310 me
550 1244 619 1310 olor
632 1244 759 1312 oonfioit
772 1238 874 1310 letdiit

336 1329 485 1396 Vulneris
497 1329 606 1396 intus?
624 1330 787 1418 quomodo
798 1351 873 1396 vero
885 1327 1037 1415 persam?

336 1417 517 1504 Oportebat
530 1417 614 1480 euim
628 1437 680 1482 me
693 1429 725 1482 et
740 1415 882 1482 Rhesum
896 1418 1031 1502 turpiter
1044 1419 1137 1497 mori,

257 1507 259 1512 ’
337 1501 385 1569 Ut
398 1503 521 1590 appulit
534 1503 575 1568 ad
590 1501 721 1590 Trojam
734 1502 917 1569 auxiliator.

251 1607 329 1656 uuo.
339 1587 424 1654 Haec
439 1588 522 1654 mula
536 1610 600 1654 non
615 1588 746 1654 obscure
759 1588 914 1677 significat
927 1589 1003 1653 itte:

339 1675 799 1762 Clareeuimloquitursooios
812 1675 952 1761 periisse.
1266 1685 1329 1746 7⁵0

251 1760 429 1827 aumMale
442 1773 513 1826 autu
525 1783 575 1826 res
588 1775 645 1840 est,
661 1773 693 1827 et
706 1775 821 1848 praeter
834 1761 917 1826 mala

189 1881 192 1888 ·
337 1847 442 1914 Etiam
457 1847 654 1932 turpissime3
677 1849 764 1934 atqui
779 1848 840 1912 boe
851 1846 973 1932 duplex
987 1857 1035 1912 art
1050 1846 1188 1914 maium:

337 1933 426 1998 Mori
440 1934 524 1999 euim
538 1933 684 2021 gloriose,
699 1936 725 1998 si
740 1934 870 1999 omuino
885 1933 1082 1998 moriendum
1097 1947 1154 2012 eat,

250 2071 253 2078 .
334 2022 491 2120 Acerbum
513 2019 640 2154 quidqm
662 2037 742 2106 puto
762 2041 829 2086 ease
848 2021 877 2085 ei
900 2021 954 2106 qui
976 2019 1331 2109 moriture-quomodo

422 2127 506 2172 emm
521 2127 585 2169 non
599 2142 655 2170 .-

335 2190 521 2257 Viventibus
534 2213 610 2256 varo
621 2189 767 2277 gloriatio
781 2201 825 2256 est
836 2203 869 2257 st
882 2191 979 2258 dacus
992 2189 1136 2257 iamilioe:

324 2277 404 2352 ‚Nos
420 2299 494 2342 vero
507 2276 683 2344 i'uooueulte
695 2291 727 2341 et
740 2277 875 2362 turpiter
888 2277 1048 2364 periimus.

337 2363 506 2450 Postquam
522 2364 604 2428 euim
619 2385 677 2427 nos
688 2361 852 2429 ooliocarit
861 2365 893 2428 iu
907 2363 1024 2430 cuuis
1035 2363 1198 2432 Hectorea
1208 2389 1329 2446 munus,

334 2449 431 2515 Dicta
446 2461 570 2527 tessera,
587 2447 819 2514 dormiebamus
828 2451 969 2536 jacentes
982 2451 1015 2514 in
1030 2471 1153 2536 cumpo,

334 2535 532 2624 Fatigatioue
546 2535 629 2612 vioti,
644 2555 746 2621 nequo
759 2535 996 2602 custodiebatur
1008 2538 1164 2603 exercitus

335 2621 507 2688 Normmis
521 2619 643 2708 uigiliis,
658 2622 807 2708 usquein
822 2623 985 2688 ordinibus
1267 2631 1329 2704 760

335 2707 443 2774 Potito
455 2721 546 2773 eruut
558 2729 655 2784 arma,
670 2722 703 2772 et
714 2728 793 2772 sorra
808 2730 873 2774 non
882 2709 969 2798 jugis

334 2793 499 2945 ξιιιιοιιιιιι
514 2795 679 2946 appitiqatoe
688 2806 794 2896 prout,
808 2796 883 2896 quia
897 2806 994 2860 noster
1007 2815 1064 2861 rex
1081 2795 1246 2862 audiverat

363 2903 398 2946 os
412 2903 538 2947 unone
563 2904 581 2946 e
608 2901 773 2945 tumuere
786 2901 913 2946 numum

334 2965 516 3052 Puppibus:
538 2929 732 3056 ’negligenter
745 2979 849 3034 autem
864 2966 1071 3034 dormivimus
1084 2967 1321 3036 decumbentes.

270 3077 274 3084 ·
335 3053 378 3116 Et
391 3075 452 3154 ego
465 3053 586 3118 solicito
599 3053 695 3118 corde
708 3053 852 3118 desinens
866 3077 885 3117 u
898 3075 1020 3131 somno,
1411 3081 1412 3086 ¹

335 3137 434 3224 Eqms
448 3139 611 3223 pabulum,
627 3139 809 3206 existimaus
823 3141 1009 3205 matutinam

333 3221 393 3288 Me
400 3225 586 3309 junctorum
601 3245 652 3289 eos
664 3225 705 3290 ad
719 3247 870 3313 pugnam,
885 3227 973 3314 larga
989 3225 1101 3290 metior
1113 3247 1223 3292 mauu.

332 3308 436 3375 Video
450 3320 555 3375 autem
569 3310 650 3375 duos
664 3311 747 3376 viros
760 3313 988 3380 circumeuntes
998 3325 1141 3378 nostrum
1151 3311 1330 3378 exercitum

333 3393 397 3461 Per
410 3395 538 3461 densam
553 3409 695 3463 noctem:
717 3413 884 3486 postquam
897 3419 973 3463 vero
987 3419 1047 3488 ego
1060 3411 1166 3464 motus
1178 3421 1262 3478 rum,

332 3481 606 3566 Subterfnperuuu
621 3495 652 3549 et
665 3496 752 3549 retro
765 3499 971 3552 mutarerunt.
1264 3493 1333 3558 ‘17⁰

332 3567 504 3634 luclumavi
517 3582 621 3636 antem
635 3571 723 3656 ipsis,
738 3591 780 3636 ue
793 3571 979 3637 aooedereut
992 3571 1032 3637 ad
1047 3571 1233 3650 mmmmm,

332 3652 525 3720 Existimant
539 3657 658 3744 aliquos
672 3679 712 3722 ex
727 3657 818 3722 soniis
830 3656 1091 3724 fursssooedere:

332 3739 385 3806 Ilii
399 3765 473 3807 vero
486 3741 583 3807 nihil:
607 3765 671 3808 non
686 3765 760 3809 saue
774 3745 838 3809 scio
848 3767 910 3848 ego
922 3744 1026 3830 plura.

330 3827 477 3894 Dormivi
491 3830 574 3894 euim
590 3851 731 3895 reversus
744 3830 861 3896 iterum
876 3851 908 3895 ru
925 3829 1037 3908 cubile,

331 3911 375 3977 Et
390 3914 466 3980 mibi
482 3917 515 3981 iu
530 3937 642 3982 somno
655 3918 761 4005 imago
773 3915 919 4003 quiedam
934 3916 1081 3982 offerturs
1411 3935 1412 3978 ι

331 3997 496 4086 Equorum
511 4002 607 4080 enim,
623 4025 701 4104 quos
715 4003 789 4081 aiui,
804 4015 837 4068 et
849 4005 956 4069 currui
966 4005 1094 4090 juuutos
1107 4001 1266 4091 regebruu
1411 4011 1412 4032 ²

331 4083 437 4151 Rheso
450 4100 564 4166 astans,
580 4089 654 4167 vidr,
670 4090 751 4154 utin
766 4090 1061 4177 somnisaspiuieue,
1411 4091 1412 4138 Ψ

332 4169 444 4257 Lupus
454 4175 844 4242 oousourdererobusram
859 4179 982 4263 spinam
994 4175 1104 4241 dorsis
1411 4175 1412 4268 i

331 4255 540 4326 verberantes
554 4277 658 4330 autom
673 4261 1187 4352 nudaequinmpuilisoemeot
1411 4283 1412 4350 ι
