2794 4862
429 195 770 264 SUPPLIOES.

153 367 279 447 Quando
294 371 356 454 (tu)
372 379 482 446 muter,
498 382 530 434 et
544 369 657 434 timens
671 393 731 456 pro
747 393 798 435 me
894 396 899 406 ¹

155 457 249 522 Prims
258 455 351 540 jubes
365 477 417 522 me
430 457 588 541 suscipere
601 457 686 522 bunc
700 453 865 522 laborem?

153 541 233 606 Vado
246 542 305 606 ists
319 539 470 622 lecturus,
485 555 517 606 et
531 542 684 608 cadavera
697 543 863 618 redimam,

151 628 249 694 Verbis
263 648 478 712 persuasurus,
492 629 538 694 sin
554 629 668 706 minus,
684 651 844 695 armorum
862 630 908 694 vi:

149 715 211 780 Jsm
225 715 287 778 boc
301 713 371 793 erit,
386 713 446 778 diis
460 726 583 779 tantum
600 737 664 780 non
679 713 901 782 invidentibus.

149 801 221 867 lloec
236 814 340 866 autem
356 812 388 865 et
401 823 421 864 s
434 812 501 866 tots
514 801 640 867 civitate
655 801 783 866 decerni
797 801 902 887 cupio.

149 887 184 951 Et
195 885 356 966 decernet,
370 907 422 949 me
435 884 576 952 volente:
599 887 654 952 sed
668 885 848 953 facultatem
1138 953 1143 964 ,

148 973 326 1072 Pmpouens
338 971 491 1073 haberem
500 972 655 1072 populum
672 975 773 1074 magis
786 996 923 1062 aequum.
1075 983 1138 1040 350

146 1057 857 1293 ffiffffsbbb’bbtbbpduffrbbnlrbdbbblbb
873 1143 995 1234 aequsle
1005 1147 1058 1233 jus
1073 1145 1138 1212 suf·

234 1245 324 1317 regn.

142 1320 312 1402 Assumpto
325 1331 430 1382 autem
446 1314 586 1382 Adrasto
597 1339 741 1382 meorum
753 1317 919 1384 verborum
933 1318 1137 1402 documento,

142 1403 189 1470 Ad
211 1403 443 1472 multitudinem
469 1403 611 1488 ipsorum
632 1402 705 1467 ibo:
729 1418 760 1468 et
783 1425 855 1469 curn
878 1405 946 1470 lraec
967 1407 1044 1492 ipsis
1065 1427 1136 1492 per·

223 1511 359 1567 suasero,

143 1575 204 1641 Ubi
218 1574 316 1640 lectos
331 1573 573 1642 Atheniensium
581 1577 713 1662 juvenes
726 1575 894 1663 collegero,
908 1575 971 1644 huc

141 1661 289 1726 Veniam:
312 1675 344 1728 et
357 1661 468 1728 sedens
481 1663 522 1726 sd
537 1685 636 1743 armo,
650 1663 773 1726 mittam
790 1663 923 1729 nuncios

140 1747 280 1826 Creonti,
296 1763 439 1833 repetens
454 1770 589 1834 corporo
602 1763 811 1826 mortuorum.

139 1833 211 1912 Sed,
228 1833 364 1912 Ocnus,
379 1833 498 1900 auferte
513 1857 616 1900 sacrus
629 1855 765 1899 corones

138 1923 166 1985 A
183 1933 292 1997 matre,
309 1934 345 1986 ut
359 1942 428 1985 eum
442 1920 556 1987 dacsm
571 1919 612 1986 ad
626 1919 756 1985 domurn
774 1919 882 2008 AEgei,

137 2007 305 2094 Attiugeus
318 2005 445 2072 charum
460 2029 601 2072 menum.
647 2006 730 2072 Nam
738 2005 939 2155 perentibus,
1073 2015 1135 2072 360

137 2092 235 2156 Filius
251 2092 304 2178 qui
318 2093 452 2158 vicissim
470 2115 533 2157 non
551 2093 656 2170 servit,
673 2093 737 2157 infe
751 2094 782 2157 ix
798 2105 862 2158 est:

136 2177 355 2244 Pulcherrimo
369 2179 455 2244 enim
470 2180 554 2243 dono
569 2179 655 2256 dato,
671 2179 808 2244 vicissim
823 2178 940 2264 accipit

135 2267 165 2330 A
179 2265 243 2330 suis
255 2265 362 2330 liberis
376 2265 462 2342 talia,
478 2288 550 2352 quae
565 2265 687 2329 dederit
700 2265 892 2350 perentibus.

19 2373 124 2420 cuc.
248 2349 1133 2452 equisclcndisaptum,Omeumputriumsolum,(slr.l.)

129 2441 185 2503 Au
209 2439 307 2503 ivistts
322 2439 402 2516 baec,
418 2437 581 2503 audivistis
595 2439 678 2524 regis

131 2526 252 2592 Sancte
265 2547 341 2613 ergo
353 2524 430 2590 deos
443 2540 475 2590 et
490 2525 596 2612 magni
611 2523 797 2589 aestimando
812 2523 844 2587 in
863 2524 990 2610 regione
1007 2520 1112 2586 Pelas-

175 2633 257 2687 rum,
273 2625 306 2675 et
320 2612 404 2676 circs
422 2613 534 2698 Argos·

129 2634 266 2763 lisinam
277 2719 352 2763 vero
367 2696 407 2761 ad
422 2710 536 2762 metam
550 2718 691 2762 meorum
700 2693 855 2760 mulorum
868 2707 899 2760 et
907 2695 990 2759 ultre
999 2701 1079 2779 (ortt.
1090 2697 1133 2773 l.)

130 2783 272 2848 Veniens
287 2783 395 2848 matris
408 2783 505 2848 decus

129 2868 310 2951 Crueutnm
323 2867 423 2946 tollat,
435 2883 467 2934 et
481 2883 598 2935 terram
612 2869 745 2933 amicam
761 2867 791 2930 l·
1071 2869 1109 2940 37
1113 2875 1133 2930 0

128 2955 226 3020 nachi
239 2953 333 3024 faciat
342 2953 473 3042 juvunsl

128 3040 327 3107 Praeclarum
343 3043 570 3106 monimentum
586 3053 633 3105 est
648 3039 777 3104 urbibus
791 3038 865 3123 pius
880 3037 979 3115 labor,
1007 3043 1075 3122 (ιιι.
1088 3039 1132 3118 2.)
1264 3071 1270 3092 ι

128 3127 177 3192 Ει
191 3141 376 3212 perpetuam
391 3127 526 3214 gratiam
543 3127 647 3192 babet.

127 3213 299 3291 Quidnam
314 3215 422 3280 civitas
436 3213 513 3278 mibi
528 3209 676 3298 perficit?
698 3233 737 3274 au
753 3210 831 3274 mihi
847 3211 950 3276 amica

124 3300 303 3382 Decernet,
317 3313 349 3366 et
364 3299 468 3365 liberis
484 3299 675 3384 sepulturam

124 3385 379 3452 obtinebimus?

125 3475 290 3540 Succurre
303 3475 409 3552 matri,
425 3475 543 3552 civitas,
559 3493 716 3548 succurre,
735 3469 883 3549 Pallsdis,
994 3471 1070 3550 (urst.
1086 3467 1131 3548 2.)

122 3559 205 3624 Non
219 3559 361 3644 polluere
375 3560 459 3647 leges
474 3561 650 3625 bominum.

121 3645 184 3710 Tu
199 3646 277 3713 colis
286 3646 452 3732 justitiam,
468 3661 499 3711 et
511 3647 613 3710 minus
628 3643 789 3730 injustitiae

118 3731 289 3796 Tribusns
303 3754 435 3819 semper,
452 3735 564 3819 injuste
578 3731 728 3796 afflictum
777 3795 780 3802 ,
1069 3731 1132 3790 380

118 3815 316 3894 Quemlibet
331 3819 456 3886 libarus.

17 3931 101 3984 E·
118 3903 266 3973 Habens
280 3927 403 3990 semper
418 3905 501 3970 banc
516 3917 614 3970 artem
629 3905 724 3968 servis

116 3989 213 4058 Urbi
228 4004 261 4054 et
276 3991 365 4072 mihi,
380 3994 474 4057 variis
489 3992 521 4056 in
537 3991 614 4056 locis
629 3991 783 4054 nuncians
798 3985 915 4050 edicta:

113 4075 293 4142 Proiectus
307 4078 406 4164 igitur
422 4093 509 4144 trans
524 4081 665 4162 Asopum
682 4081 713 4140 et
730 4071 846 4152 Ismeni
861 4091 986 4156 aquom,

106 4163 278 4247 Superbo
293 4163 506 4230 Cudmeorum
520 4179 655 4250 tyranno
670 4163 739 4226 lraec
754 4159 821 4222 dic:

100 4249 272 4314 'Theseus
286 4275 303 4314 u
319 4266 350 4316 te
364 4253 465 4316 amice
480 4251 561 4336 petit
577 4263 610 4314 ut
627 4247 756 4334 sepelias
772 4246 932 4318 cadavera,
958 4311 969 4339 ὓ,

94 4335 289 4406 Habitans
304 4338 438 4403 vicinam
455 4353 580 4413 terrum,
598 4335 725 4422 dignam
743 4336 803 4398 boc
819 4348 977 4414 consequi,

150 4441 154 4454 ¹
561 4445 576 4484 s
594 4431 613 4486 t
