2828 4864
654 243 979 309 EURIPIDIS

362 417 530 502 Accipiens
545 415 781 502 Impreoationee
795 438 815 479 e
830 414 920 492 Laio,
937 427 968 478 et
982 413 1062 478 dane
1076 411 1197 482 liberis,

362 503 535 570 Non-euim
551 515 615 566 tum
630 501 744 567 stultus
757 523 818 589 ego
833 514 1018 576 natussum,

362 589 456 655 Utin
474 611 558 653 meos
571 587 678 654 oeulos
693 588 787 674 inque
802 608 943 650 meorum
957 585 1094 651 filiorum
1109 588 1206 653 vitem

364 676 439 741 Sine
451 674 584 739 deorum
598 674 703 760 aliquo
717 671 786 738 baec
800 673 1063 738 comminiscerer.

362 762 433 828 Sint
447 760 517 825 ille:
540 760 617 846 quid
633 759 744 824 fecium
760 759 856 843 igitur
871 758 903 824 0
918 757 1028 824 infeIIx
1045 757 1128 848 ego?

363 847 445 922 Quis
460 845 663 920 comitabitur
676 867 728 909 me
741 845 808 910 dux
825 844 899 908 caeci
916 843 1027 930 podis?

363 933 488 998 Haecue
503 955 574 1019 quae
590 930 797 996 mortuaest?
817 931 922 994 vivens
937 931 1021 994 enim
1033 932 1106 996 setis
1121 931 1340 1015 seioseeisret.

362 1025 405 1084 At
418 1019 545 1084 beatum
555 1019 668 1168 111ἔ11111
685 1014 845 1082 filiorum?
865 1017 919 1080 sed
934 1039 999 1080 non
1014 1031 1086 1081 sunt
1100 1022 1233 1102 amplius
1247 1021 1347 1088 mihi.

361 1107 480 1170 Verum
495 1105 591 1190 ipseo
616 1103 678 1168 buc
693 1103 812 1168 ‘uvenis
827 1102 984 1166 Inveniam
998 1102 1076 1168 mibi
1090 1103 1222 1170 cibum?
1279 1117 1369 1174 1621

366 1188 485 1258 Unde?
506 1213 602 1278 quere
616 1212 667 1254 me
716 1189 820 1254 nditus
835 1188 881 1253 sie
895 1189 1022 1266 occidis,
1039 1190 1072 1254 0
1088 1189 1220 1258 Creon?

367 1277 502 1344 Occides
517 1278 610 1353 enim,
626 1277 651 1340 si
666 1298 717 1340 me
731 1299 769 1340 ex
783 1277 838 1338 boc
852 1297 929 1364 agro
943 1275 1057 1360 ejicias.

364 1364 439 1428 Non
454 1377 569 1436 temen,
582 1361 753 1426 admovens
767 1383 877 1424 manus
892 1362 931 1426 ud
948 1373 1035 1426 tuum
1051 1380 1153 1450 genu·

363 1448 510 1514 Timidus
525 1447 670 1512 videbor:
694 1470 766 1512 nam
783 1468 884 1518 meam
899 1447 1063 1532 pristinem
1078 1450 1328 1535 generositatem

364 1535 440 1599 Non
455 1533 598 1620 prodam,
615 1555 716 1620 neque
729 1533 870 1620 quemvis
884 1555 950 1597 rem
964 1555 1073 1620 gerum
1087 1534 1177 1600 mele.

279 1641 353 1687 cun.
363 1619 439 1686 Tibi
453 1633 537 1685 reete
551 1619 680 1696 dietum,
697 1620 780 1706 quod
794 1619 875 1682 nolis
888 1641 993 1706 genua
1008 1641 1077 1683 mee
1091 1621 1253 1707 amplecti,

364 1706 436 1858 {spo
452 1728 528 1771 vero
541 1728 605 1769 non
620 1707 721 1770 uiuum
737 1718 768 1770 te
782 1703 924 1770 habiture
938 1707 1017 1768 hune
1031 1718 1157 1771 terrem.

402 1814 492 1858 orum
509 1815 582 1856 vero
598 1806 792 1856 mortuorum
806 1789 939 1856 alterum
951 1791 1077 1876 quidem
1088 1791 1223 1858 domum
1235 1808 1371 1880 oportet

356 1880 428 1945 Jem
444 1891 580 1963 portare,
595 1878 727 1943 alterum
743 1899 826 1952 vero,
841 1879 897 1964 qui
911 1899 1073 1942 eversurus
1088 1878 1199 1944 urbem
1279 1890 1373 1950 1630

365 1966 500 2030 Patriam
516 1987 588 2028 oum
603 1965 698 2029 ermis
713 1965 805 2040 venit,
826 1963 881 2027 Pol
907 1963 983 2028 nicis
997 1964 1140 2043 eedever,

363 2049 476 2136 Ejicite
489 2050 678 2135 insepultum
691 2065 781 2115 extre
793 2049 872 2112 fines
882 1986 976 2135 Iujus
992 2063 1094 2116 terrae.

364 2135 652 2226 Promulgsbuntur
666 2149 769 2200 autern
785 2135 853 2200 haee
867 2134 1014 2200 omnibus
1029 2135 1202 2216 Thebanis,

365 2221 556 2308 Quicunque
569 2221 779 2307 deprehensus
793 2220 887 2286 fuerit
909 2223 992 2286 bunc
1013 2235 1174 2289 mortuum
1196 2237 1254 2290 eut
1268 2247 1366 2292 coro-

450 2329 528 2372 nans

365 2395 433 2459 Aut
447 2409 532 2458 terra
545 2406 663 2479 tegens,
677 2407 778 2460 morte
791 2395 874 2460 luet:

239 2505 248 2530 ·
364 2480 1369 2646 (RelinquqreaptemIndeploratumetinsepultum,volueribus

473 2589 516 2631 rae
538 2589 600 2630 ern.

363 2652 417 2718 Tu
434 2589 508 2716 ebro
522 2651 701 2738 relinquens
716 2652 817 2716 luctus
832 2652 926 2716 trium
946 2653 1142 2730 cadaverum,

366 2737 486 2823 Recipe
500 2751 531 2804 te
544 2739 654 2824 ipsam,
674 2739 841 2822 Antigone,
857 2738 940 2803 intre
954 2739 1048 2817 tedes,

363 2825 407 2890 Et
422 2825 551 2911 virginis
564 2846 685 2888 morem
699 2824 768 2890 coIe
781 2825 864 2890 diem
878 2826 1059 2908 proximum

364 2909 555 2996 Expectans,
572 2911 603 2974 in
619 2933 682 2996 que
697 2927 728 2974 te
742 2921 884 2996 expectet
898 2913 995 2975 lectus
1012 2910 1191 2977 Haemonis.
1279 2925 1369 2984 1640

279 3001 393 3062 eremo
409 3009 506 3082 peter,
523 2998 554 3062 in
570 2998 694 3084 quantis
708 3017 815 3061 sumus
829 2997 935 3061 miseri
950 2997 1057 3062 malis!

364 3081 470 3159 Quem
486 3096 516 3148 te
529 3105 624 3171 gemo
638 3083 709 3169 plus
723 3105 816 3168 quem
832 3098 972 3147 mortuos
984 3083 991 3148 I

364 3168 439 3233 Non
453 3169 535 3232 enim
551 3191 625 3254 pere
638 3169 763 3254 quidem
774 3169 929 3234 melorum
944 3170 1000 3234 tibi
1015 3169 1118 3258 gravis
1131 3181 1187 3249 est,
1200 3193 1276 3258 pers
1286 3197 1369 3242 vero

450 3277 514 3318 non
528 3257 641 3342 gravis,

276 3379 282 3392 ·
366 3340 477 3408 sedin
493 3341 637 3406 omuibus
651 3339 760 3406 infeIix
774 3367 817 3420 ee,
832 3357 934 3428 peter.

363 3430 406 3493 At
422 3442 451 3491 te
465 3429 626 3516 interrogo
639 3449 753 3492 novum
769 3441 949 3516 tyrannum,

365 3513 465 3594 (Quid
480 3512 565 3579 hune
579 3514 769 3579 contumelia
783 3515 880 3580 afficis
890 3529 1010 3600 petrem
1023 3515 1181 3600 expellens
1195 3517 1320 3602 term?)

364 3599 473 3676 Quare
487 3600 561 3664 fucis
574 3600 658 3688 leges
672 3600 712 3664 de
729 3601 842 3666 misero
854 3599 1006 3666 mortuo?

278 3705 354 3750 ceu.
364 3685 422 3751 Est
437 3685 574 3751 Eteoclis
588 3687 742 3753 sententia
757 3689 835 3765 ineo,
848 3709 911 3750 non
929 3709 1007 3750 mee.

277 3773 466 3838 AuuStuIta
481 3789 537 3846 est,
553 3788 584 3836 et
598 3787 632 3837 tu
647 3774 771 3850 stultus,
787 3774 842 3860 qui
856 3773 1052 3858 obtemperes
1067 3773 1145 3838 istis.

277 3855 556 3935 canuomodu?
578 3881 641 3926 non
656 3872 702 3924 est
711 3861 833 3944 justum
849 3861 963 3945 exequi
980 3857 1154 3924 mundate?
1280 3873 1368 3930 1650

278 3944 449 4023 snmNon,
464 3945 489 4009 si
505 3944 633 4033 quidem
646 3945 827 4023 maluerint,
842 3960 874 4010 et
887 3944 968 4010 mele
982 3947 1077 4010 dicte.

277 4049 351 4096 cun.
361 4029 450 4106 Quid
467 4029 562 4096 vero?
584 4053 648 4096 non
659 4033 743 4118 juste
756 4031 808 4096 hio
822 4035 950 4098 cunibus
964 4029 1114 4096 debitur?

277 4136 355 4181 1111.
362 4117 435 4180 Non
451 4117 623 4206 legitimam
637 4117 721 4182 enim
738 4140 863 4204 poenem
880 4118 1005 4206 exigitis
1018 4119 1058 4184 eb
1072 4140 1120 4182 eo.

277 4223 351 4268 cue.
361 4202 523 4290 Siquidem
539 4205 626 4272 urbis
641 4205 738 4270 bostis
752 4207 822 4284 fuit,
837 4205 892 4292 qui
906 4205 1004 4270 boetis
1017 4227 1082 4272 esee
1095 4225 1162 4270 non
1175 4203 1343 4274 debueret.

237 3247 267 3288 χ
