2828 4864
568 291 571 298 .
666 203 979 312 uunrnruls
1020 210 1027 221 ⁸

359 419 457 507 Apud
472 417 583 484 stultos
596 419 680 485 enim
696 423 859 504 proferens
873 441 956 484 rrora
968 419 1064 485 verbs

336 519 344 530 “
361 506 524 572 Videberis
538 505 666 582 inutilis,
681 518 715 570 et
728 529 793 569 non
808 508 949 592 sapienst

362 595 408 660 At
421 607 531 658 contra
545 593 607 656 iilis
621 593 675 678 qui
690 592 837 657 videntur
850 605 1013 677 comptum
1027 591 1068 656 ali
1092 590 1148 656 nid
1163 592 1253 656 scire

363 679 569 744 Proestantior
583 680 610 743 si
624 679 810 743 existimeris
824 681 857 743 in
872 679 1010 756 civitate,
1024 614 1174 742 moiesros
1189 676 1374 744 videberis.

365 766 437 853 Ego
450 788 525 829 vero
539 765 607 850 ipsa
620 779 747 851 quoque
761 766 918 850 particeps
932 787 1002 829 sum
1017 763 1109 851 hujus
1122 762 1282 832 forrum

365 851 447 918 Nam
463 873 534 915 cunr
550 851 607 914 sim
624 855 758 935 sapiens,
774 852 842 916 eliis
857 851 985 937 quidem
1000 873 1069 915 snm
1082 851 1193 927 invisa,

365 937 460 1024 (Aliis
474 936 600 1023 quidem
615 937 749 1020 placida,
766 937 834 1000 aliis
848 959 923 1002 vero
937 939 1034 1001 moris
1047 937 1175 1015 diversi)

367 1025 445 1088 Aliis
460 1036 571 1088 contra
584 1023 718 1088 difficilis
732 1023 890 1088 indolem:
913 1039 945 1087 et
958 1045 1029 1088 mm
1043 1044 1107 1086 non
1123 1023 1218 1086 nimis
1235 1023 1385 1107 sapiens.

364 1112 417 1174 Tu
431 1110 528 1197 igitur
544 1109 655 1174 metuis
669 1133 720 1175 me
733 1133 774 1174 ne
788 1109 865 1197 quid
879 1110 953 1174 mali
966 1109 1026 1174 tibi
1040 1133 1060 1172 a
1073 1131 1126 1172 me
1137 1109 1280 1174 accidat.
1318 1117 1386 1173 310

367 1195 441 1260 Non
457 1196 502 1260 sic
516 1217 565 1260 res
581 1218 659 1261 meae
672 1219 706 1261 se
721 1195 937 1277 habenta-ne
950 1209 1071 1260 metum
1085 1195 1326 1273 me,-Creon‚

368 1283 462 1349 Utin
479 1285 561 1346 viros
577 1283 734 1368 principes
747 1282 830 1347 delin
877 1305 937 1346 am.

367 1367 421 1434 Tu
435 1369 519 1432 euim
535 1391 598 1455 qna
611 1370 728 1455 injuria
741 1391 792 1433 me
806 1392 825 1432 a
848 1367 958 1433 scisti?
979 1368 1106 1434 elocasti
1121 1366 1221 1432 filiam
1238 1369 1283 1448 ei,

369 1453 432 1520 Cui
446 1469 477 1520 te
491 1455 615 1520 animus
630 1456 765 1540 impulit.
798 1455 859 1520 Sed
876 1477 981 1520 meum
995 1455 1143 1520 maritum

368 1541 451 1605 Odi:
474 1555 509 1606 tn
523 1553 638 1618 autem,
654 1557 690 1605 ut
704 1541 827 1625 opinor,
843 1542 1000 1628 sapienter
1013 1540 1083 1605 haec
1097 1539 1208 1604 fecisti.

368 1625 412 1692 Fr
426 1648 513 1691 nunc
529 1649 590 1690 non
607 1627 733 1692 invideo
748 1627 835 1713 quod
850 1651 900 1691 res
913 1641 978 1692 tute
993 1627 1146 1711 praeclare
1160 1649 1193 1689 se
1208 1625 1371 1692 habeant.

367 1713 582 1798 Despondete,
598 1713 678 1778 bene
692 1715 732 1778 sit
746 1713 851 1778 vobis:
875 1713 929 1778 sed
940 1717 1007 1800 jam
1022 1716 1053 1777 in
1070 1712 1129 1777 hec
1142 1727 1229 1776 terra

369 1800 471 1866 Sinite
483 1822 534 1864 me
548 1799 708 1865 habitare:
732 1801 874 1886 quamvis
888 1802 973 1864 enim
988 1800 1103 1886 injuria
1116 1799 1215 1862 simus
1229 1797 1355 1876 affecti,

369 1886 571 1964 Tacebimus,
587 1909 608 1950 a
620 1886 850 1975 potentioribus
866 1887 951 1951 victi.

284 1991 358 2040 cus.
368 1972 459 2038 Dicis
474 1972 584 2038 auditu
601 1973 719 2050 moiiia,
736 1973 838 2038 sedin
853 1974 971 2048 animo,
1314 1979 1389 2036 820

371 2058 457 2124 Mihi
470 2071 520 2122 est
532 2080 641 2143 pavor,
659 2082 698 2123 ne
713 2058 789 2145 quid
804 2061 879 2123 mali
894 2059 1043 2138 moliaris,

347 2220 350 2226 ,
371 2144 415 2209 Et
430 2158 518 2209 tento
532 2145 646 2221 minus,
661 2167 756 2231 mam
772 2159 875 2224 antea,
889 2145 1018 2210 confido
1032 2143 1111 2209 tibi:

372 2231 455 2295 Nam
472 2230 588 2294 mulier
602 2253 674 2315 qure
688 2233 752 2296 cito
767 2232 921 2306 irascitur,
937 2231 1079 2296 similiter
1092 2242 1124 2294 et
1137 2228 1197 2306 vir,

373 2317 509 2381 Facilius
523 2330 660 2394 cavetur,
676 2339 771 2403 qnam
786 2319 959 2382 taciturnus
974 2317 1108 2402 sapiens.

373 2403 513 2468 Proinde
526 2404 579 2468 exi
593 2427 689 2489 quern
703 2403 874 2481 celerrime,
891 2427 932 2468 ne
946 2403 1040 2468 facias
1056 2401 1155 2468 multa
1166 2403 1283 2465 verbe:

372 2488 460 2564 Quia
473 2489 535 2554 hoc
548 2489 708 2555 decretum
724 2507 781 2568 est,
797 2513 899 2575 neque
913 2490 1011 2554 habes
1024 2501 1135 2566 artem,
1153 2501 1188 2552 ut

373 2576 470 2661 Apud
487 2598 545 2640 nos
561 2599 698 2653 maneas,
714 2600 786 2641 cum
802 2578 844 2640 sis
859 2576 938 2640 mihi
952 2575 1083 2641 infensa.

287 2663 426 2728 nrumNe
439 2684 614 2763 perpenna
628 2675 660 2726 et
673 2662 771 2727 filiam
785 2677 872 2728 tuam
887 2685 995 2727 reeens
1009 2675 1152 2747 nuptam.

287 2767 362 2813 cns.
376 2750 545 2815 Consumis
559 2748 671 2813 verba:
695 2771 857 2835 nunquam
871 2749 956 2812 enirn
972 2749 1161 2834 persuaseris
1175 2767 1237 2822 me,

287 2835 527 2920 rrnn.Expelles
542 2835 639 2922 igitur
655 2857 714 2912 me,
732 2857 833 2921 neque
846 2835 1039 2899 reverebaris
1054 2834 1142 2898 Litas
1156 2836 1180 2896 τ’.
1194 2855 1223 2896 e.
1238 2833 1393 2898 Preces?

287 2939 366 2986 cns.
376 2923 452 2986 Non
467 2921 551 2988 enim
568 2921 646 2986 mihi
660 2922 787 2986 charior
801 2944 844 2998 es,
858 2943 930 2986 mea
942 2921 1051 2985 domo.
1319 2929 1389 2986 331

292 3007 412 3072 nuno
426 3008 540 3091 patria,
556 3031 650 3095 quarn
667 3007 757 3072 vaide
771 3029 858 3072 nuuc
873 3008 918 3072 tui
933 3004 1102 3072 recordor!

287 3113 361 3158 cna.
376 3093 497 3163 Praeter
510 3094 627 3158 liberos
640 3095 726 3160 enim
739 3106 786 3158 est
803 3093 879 3157 mihi
893 3091 987 3180 longe
1001 3093 1195 3158 charissima.

288 3179 462 3254 rreuHeu,
479 3179 542 3244 heu
555 3177 562 3244 Ι
608 3203 682 3244 nam
696 3201 848 3268 magnum
863 3177 979 3244 malum
995 3178 1178 3244 hominibus
1192 3191 1241 3241 est
1255 3197 1368 3242 amor.

287 3263 493 3344 concredo,
510 3278 545 3332 ut
559 3203 667 3331 coierit
679 3267 817 3332 fortuna.

288 3351 513 3436 nsoJupiter,
528 3373 594 3416 non
607 3353 703 3418 lateat
715 3366 748 3418 te
762 3354 789 3418 is
804 3353 858 3438 qui
874 3367 966 3418 antor
980 3363 1027 3417 est
1041 3350 1158 3416 horum
1173 3342 1352 3414 malorum.

289 3457 366 3502 cns.
380 3437 479 3515 Vade,
497 3436 529 3503 0
544 3461 634 3517 vana,
651 3454 683 3505 et
696 3437 796 3504 libera
811 3461 862 3502 me
875 3440 969 3504 curis.

289 3523 486 3588 ursnLabor
500 3525 628 3611 quidem
642 3540 698 3603 est,
714 3525 768 3590 sed
784 3547 842 3590 nos
856 3547 961 3590 nonne
973 3524 1006 3588 in
1021 3521 1129 3588 labore
1143 3521 1337 3588 versamur?

289 3631 363 3675 cns.
378 3609 452 3675 Cito
466 3613 647 3676 extruderis
660 3611 813 3678 violenter
825 3634 923 3676 manu
938 3609 1141 3676 famulorum.
1298 3621 1306 3628 “

289 3697 584 3784 orsuNeqnnquam
600 3697 653 3774 its,
669 3698 724 3762 sed
738 3720 817 3785 rogo
831 3713 874 3780 te,
891 3697 1007 3762 Creon.
1322 3705 1403 3762 ³4⁰

290 3802 364 3847 cun.
379 3785 553 3870 Negotium
567 3782 708 3861 facessas,
725 3798 761 3849 ut
773 3783 899 3862 videris,
916 3783 948 3848 Ο
963 3781 1085 3846 mulier.

289 3869 530 3970 ursnFugianr:
554 3891 617 3932 non
630 3869 691 3934 hoo
706 3885 737 3934 te
751 3893 830 3958 rogo
843 3882 879 3934 ut
893 3872 1068 3954 impetrem.

290 3954 469 4031 cns.Qo1d
484 3957 494 4018 i
518 3957 583 4020 itur
597 3955 722 4032 resistis,
738 3968 770 4020 et
783 3979 847 4020 non
863 3955 998 4021 discedis
1011 3978 1030 4020 e
1043 3952 1152 4020 terra?

290 4041 469 4106 renuConc
510 4041 629 4119 omihi,
644 4057 679 4106 ut
693 4043 809 4128 possim
823 4055 945 4107 tanturm
961 4041 1048 4106 hunc
1061 4039 1146 4104 diem
1160 4059 1304 4119 manere,

378 4125 421 4192 Et
433 4127 583 4210 perficere
596 4127 867 4206 deliberationem,
882 4151 947 4216 qua
959 4127 1090 4230 fugiam,

376 4213 420 4277 Et
434 4214 581 4278 viaticum
599 4215 675 4280 noeis
690 4215 804 4292 liberis,
820 4215 1075 4302 quandoquidem
1089 4224 1181 4298 pater

378 4297 469 4366 Nihil
483 4313 574 4367 curat
584 4301 766 4388 prospicere
776 4301 898 4369 liberis.
1064 4320 1069 4328 ·
