2854 4866
266 218 332 282 rio
645 203 977 278 uun-lullus

355 387 426 453 Nisi
443 398 553 472 poenar
567 384 608 449 de
621 397 654 450 rc
668 383 837 469 sumpserit
848 401 909 468 pro
918 383 1076 472 'sanguine
1086 385 1218 472 rororh.

269 497 325 542 an.
357 468 474 544 Pereas
488 491 575 536 nunc
588 472 664 556 ipre,
680 483 711 536 er
724 483 780 535 tua
794 471 925 556 conium

355 558 573 635 Liberis-orbi,
587 556 750 634 vivofiiio.
766 557 846 622 aicut
859 555 948 643 digni
961 559 1043 633 estu,

357 645 529 712 Seneecire:
544 645 799 732 nunquam-enim
809 661 933 707 mecum
944 639 1232 708 venieriambidern
1239 655 1370 708 mum

356 731 530 798 Habitare:
552 731 662 795 cicero
670 729 923 814 deceretmeper
933 747 1095 815 praecones
1103 727 1297 794 interdicere
1308 730 1372 794 tine·

354 819 426 884 Tua
439 830 572 904 patema
584 814 690 892 domo,
706 815 937 880 interdicerem.

356 904 425 970 Noc
441 925 557 968 vero·
567 923 708 988 praesena
720 903 806 967 enim
819 900 939 965 maium
954 911 998 966 esi
1011 899 1220 966 inondum-

357 991 485 1067 Eamus,
501 1001 537 1054 ut
550 990 584 1054 in
598 1009 679 1078 rogo
692 1009 848 1074 ponemus
862 986 1006 1052 cadaver.

272 1077 407 1154 caclo,
421 1074 479 1140 Io!

357 1162 528 1239 Omisera,
543 1172 672 1246 propter
686 1157 910 1239 andaciem‚O
925 1179 1077 1246 generosa
1303 1165 1371 1228 760

357 1249 401 1314 Et
414 1248 510 1334 longe
523 1247 789 1334 proestauiiseimc,
804 1247 891 1311 vale:
915 1245 1083 1310 benevohu
1096 1262 1173 1310 vero
1183 1257 1219 1310 rc

356 1337 588 1400 subterraneus
603 1333 784 1398 Mercurius
797 1345 830 1398 ct
844 1332 941 1398 Picto
954 1330 1108 1416 excipiat!

359 1423 394 1488 Si
409 1419 485 1508 quid
499 1441 574 1484 vero
587 1431 619 1484 et
632 1418 696 1484 irlic
710 1419 782 1504 plus
796 1420 952 1508 contingit
964 1419 1068 1495 bonis,

359 1507 488 1572 Horum
503 1506 661 1590 particeps

359 1593 504 1658 Plutonis
519 1593 645 1679 conjugi
659 1593 803 1657 accidens.

275 1701 345 1746 ena.
357 1677 481 1745 Multoe
495 1677 623 1764 quidem
634 1679 701 1763 jam
716 1701 756 1743 cx
772 1679 860 1742 omni
876 1693 961 1744 terre

360 1765 515 1849 Hospites
529 1767 562 1828 in
578 1764 708 1829 Admeti
722 1765 806 1830 oedes
821 1764 979 1850 proiectos
993 1764 1069 1840 ecio,

359 1851 485 1928 Quibus
499 1850 631 1936 adposui
647 1851 751 1916 cibos:
773 1871 882 1916 verum
898 1851 1040 1916 nondum
1055 1847 1117 1915 hoc
1129 1848 1257 1934 incapite

359 1937 559 2008 Deteriorem
575 1936 608 2000 in
625 1937 707 2002 hanc
722 1940 854 2002 domum
869 1939 984 2023 recepi.

359 2024 425 2100 Qui
440 2022 577 2108 primum
593 2025 718 2110 quidem
733 2024 895 2108 lugentem
911 2023 1023 2089 herum
1036 2022 1147 2088 videns
1305 2029 1375 2094 770

359 2109 515 2186 introivit,
531 2121 562 2172 et
577 2131 669 2175 ausus
684 2124 731 2174 est
745 2113 878 2176 transire
890 2111 984 2176 iores.

359 2195 487 2262 Deinde
503 2215 578 2260 vero
591 2215 655 2260 noa
674 2196 816 2262 modeste
829 2199 952 2282 recepit

359 2283 441 2352 Quae
454 2293 571 2365 praesto
585 2284 684 2360 nenia,
699 2283 827 2372 cognita
841 2283 1017 2349 calamitate
1031 2285 1155 2346 docerer:

361 2367 424 2436 Sed
439 2367 541 2454 siquid
556 2389 621 2432 non
635 2368 828 2447 afferremus,
844 2370 929 2435 uitro
938 2369 1073 2456 jubebat
1085 2367 1177 2432 ferm

360 2454 526 2540 Arripiens
539 2465 647 2518 aurem
661 2453 870 2521 hederaceum
885 2455 1034 2542 poculum
1050 2455 1082 2519 in
1097 2473 1223 2530 menon,

360 2539 449 2605 Bibit
459 2562 579 2604 merum
594 2541 702 2606 vinum
717 2543 819 2630 nigrae
833 2545 954 2621 marris,
973 2587 977 2596 ·

359 2626 474 2692 Donec
488 2626 626 2692 calefecit
640 2627 745 2712 ipsum
757 2629 957 2695 circumdans
970 2629 1097 2694 namma

360 2713 453 2780 Vini:
475 2725 507 2778 et
520 2727 653 2778 coronet
667 2728 763 2798 caput
777 2719 873 2802 myrti
889 2717 994 2793 ramis,

359 2799 509 2866 Absurde
523 2799 650 2878 lmrcns,
665 2814 734 2866 erat
748 2814 854 2867 autem
868 2803 1031 2888 geminum
1045 2800 1162 2865 melon:

361 2885 430 2952 Hic
443 2887 527 2950 enim
543 2887 690 2952 cantabat
705 2887 797 2966 mula,
813 2889 933 2976 quaein
948 2887 1078 2953 Admeti
1090 2889 1180 2950 domo
1193 2893 1296 2963 mi,
1308 2891 1378 2961 78⁰

321 2986 328 2996 ·
361 2971 451 3038 Nihil
466 2994 590 3049 cunone,
606 2994 664 3039 noe
679 2997 753 3039 nero
767 2975 847 3040 servi
863 2973 1066 3060 plorabamue

361 3057 504 3123 Herem:
528 3059 654 3124 ocnlmn
669 3073 773 3126 tamen
788 3083 854 3126 non
868 3059 1111 3126 ostendebamus
1124 3057 1246 3144 hospiti

361 3144 628 3210 Mcdeincientee:
649 3148 693 3211 uic
707 3147 792 3212 enim
809 3147 1012 3212 mundaverat
1029 3146 1196 3211 Admetus.

361 3229 406 3296 Et
417 3251 505 3296 nunc
519 3253 580 3319 ego
594 3231 729 3319 quidem
738 3233 770 3298 in
786 3233 909 3300 oedibue
922 3233 1067 3298 convivio
1080 3231 1207 3316 excipio

363 3315 544 3403 Hospitem,
559 3330 720 3384 versutum
733 3319 835 3385 linem
843 3333 883 3386 ‘et
896 3319 1078 3406 praedonem
1093 3315 1267 3405 quendam,

361 3402 528 3469 Haecvero
538 3405 933 3484 domirnexaedibueebiit,
943 3427 1001 3472 nec
1012 3424 1077 3470 ecee
1086 3421 1379 3490 eumpmeccurnr,

361 3490 475 3577 Neque
488 3489 772 3571 extendi-manum,
788 3492 899 3581 iugens
915 3513 1017 3558 meam

361 3576 547 3654 Dominam,
563 3597 635 3664 qnoe
649 3577 728 3642 mihi
743 3591 775 3644 et
789 3579 936 3644 omnibus
951 3579 1047 3644 serris
1060 3591 1128 3643 erat

360 3663 486 3728 Meter:
509 3661 655 3728 liberarit
669 3666 753 3728 enim
769 3685 823 3730 aos
835 3687 876 3731 cx
892 3663 1068 3730 innumeris
1082 3662 1182 3740 malin,

359 3749 509 3816 Molliene
522 3749 583 3812 viri
597 3750 696 3814 iram:
718 3771 827 3816 nonne
841 3752 938 3839 igitur
952 3751 1038 3816 hunc
1052 3750 1209 3836 hoapircn
1313 3763 1381 3822 790

359 3835 451 3902 Jusre
464 3835 527 3914 odi,
543 3835 596 3923 qui
613 3835 716 3902 luctus
729 3849 872 3924 tempore
886 3835 1036 3904 advenit?

274 3921 456 3988 nnnReue
470 3933 524 3988 tu:
547 3920 623 4009 quid
639 3923 684 3988 ita
696 3925 793 3988 tueris
807 3924 922 3990 cerium
934 3937 966 3989 et
980 3921 1261 4012 eogiubundum?

360 4009 437 4075 Non
452 4021 579 4094 oportet
592 4009 713 4074 trierem
729 4011 908 4077 ministrum
922 4010 1099 4097 hospitibus

358 4095 486 4172 Adone,
502 4117 610 4160 verum
625 4096 770 4180 excipere
784 4119 834 4163 eos
846 4101 954 4164 animo
967 4097 1061 4162 comi.

359 4181 414 4247 Tu
429 4202 504 4246 vero
517 4182 652 4247 amicum
666 4182 768 4247 vinnm
784 4182 852 4250 heri
867 4185 915 4248 rui
950 4193 1116 4252 remrein
1128 4187 1282 4266 cernens,
1411 4183 1412 4241 i

359 4267 461 4334 Tristi
475 4265 566 4332 vultu
580 4279 612 4334 et
625 4269 794 4336 contrcctir
808 4205 982 4355 auperciiiir
