2852 4862
234 217 300 280 no
616 205 946 310 muniemus

325 384 394 463 leti,
409 384 461 448 oui
477 395 509 449 te
522 405 643 448 nervum
658 405 726 448 sors
739 384 862 448 emittet
874 405 917 448 ex
930 385 1044 470 putria.

238 469 382 540 uttoMe
397 469 544 535 miserum
556 467 563 536 l
587 468 650 536 hoo
664 471 761 559 igitur
775 483 970 555 postremum

325 559 369 624 Et
382 556 455 622 finis
468 556 609 622 omnium
624 577 768 622 meorum
785 557 942 621 mulorum
950 559 1019 644 jem
1034 569 1099 622 ert:

224 694 227 700 ·
324 642 1105 818 numm

391 776 400 808 1
1061 773 1072 808 9

325 818 374 885 Ut
386 815 519 882 salutem
535 815 681 882 miserem
696 816 825 882 urbem:

324 905 358 969 0
372 923 523 992 magnum
537 902 710 990 aliquando
722 903 846 989 opimus
860 901 942 969 inter
955 901 1107 968 barbam

323 990 435 1078 Troju‚
449 989 603 1076 inclytum
619 1003 709 1054 tuum
725 1011 840 1054 nomen
854 1009 930 1054 mox
945 989 1081 1056 emittes.

324 1075 503 1144 lucenduut
511 1090 552 1154 te,
567 1089 599 1142 et
612 1097 671 1140 uos
684 1075 824 1142 educunt
831 1077 900 1163 jum
914 1088 1009 1142 extre
1020 1075 1157 1162 petrium

326 1165 457 1231 servas:
480 1163 513 1227 Ο
526 1161 590 1228 dii!
614 1165 669 1227 ted
706 1161 759 1226 uid
773 1162 850 1227 deos
863 1159 965 1227 voco?
1249 1173 1337 1236 1270

325 1249 410 1316 Num
424 1263 456 1315 et
470 1264 545 1315 ente
558 1271 623 1314 uon
638 1185 828 1315 uuiiverunt
840 1271 896 1315 nor
908 1249 1056 1315 invocati.

324 1339 394 1424 nge
408 1357 571 1402 mrrumus
585 1336 618 1399 in
634 1335 827 1413 incendium,
842 1347 953 1422 utpote
966 1335 1223 1402 honestissimum
1239 1337 1324 1402 mibi

325 1423 408 1488 Cum
424 1422 484 1486 hoo
499 1423 626 1488 incensa
639 1424 744 1508 putria
758 1423 850 1487 mori.

238 1531 313 1578 uu..
325 1509 459 1587 Insania,
474 1507 598 1586 misere,
639 1520 745 1593 rupter
760 1522 813 1573 tuu
827 1508 929 1574 mele:

325 1595 544 1675 Quamobrem
568 1531 714 1661 abrincite
743 1617 820 1673 eon,
849 1617 891 1660 ue
917 1596 1051 1682 percite.
1088 1594 1220 1684 ulyssi·
1249 1597 1339 1663 euim

325 1769 365 1836 In
381 1695 604 1836 miiiiiieilare
617 1781 649 1834 et
663 1771 695 1834 ei
708 1769 769 1834 hoo
782 1789 898 1834 munus
912 1768 1044 1834 mittere.

239 1877 317 1924 tuuc.
327 1855 598 1921 Ototototototoii

326 1942 359 2009 0
375 1942 515 2030 Phrygio
530 1961 597 2018 rex,
612 1941 717 2028 proles
737 1941 897 2018 Saturnio,

326 2029 432 2106 Peter,
447 2029 579 2114 indigna
594 2027 741 2094 Dardani

322 2115 631 2204 Serrguinevidesne
647 2116 725 2192 huec,
741 2135 814 2200 qum
828 2113 992 2200 petimur?
1253 2123 1341 2182 1280

239 2225 317 2270 cuo.
327 2201 434 2279 Videt,
450 2201 520 2266 huec
534 2223 610 2266 vero
623 2223 740 2290 magno
753 2201 861 2266 civitas

328 2287 403 2353 Non
418 2287 552 2374 amplius
565 2289 674 2354 civitas
688 2287 794 2374 periit,
809 2309 867 2352 uec
880 2286 1017 2374 emplius
1029 2299 1079 2352 est
1092 2285 1203 2375 Troju.

238 2373 591 2444 unnotototototutoi!

326 2459 471 2527 collucet
486 2460 590 2539 ilium,

325 2548 556 2648 Pergamenum
571 2547 646 2635 igne
658 2546 795 2636 flagrant
807 2546 949 2613 culmino

326 2637 369 2700 Et
383 2633 494 2700 uvius
508 2649 541 2698 et
554 2636 750 2698 summitates
768 2655 943 2698 murorum.

238 2743 317 2791 cuo.
326 2721 436 2787 Veluti
450 2733 556 2786 eutem
571 2719 692 2786 Fumus
705 2720 766 2800 ulo,
782 2719 857 2785 sub-

324 2808 393 2873 limi
407 2807 549 2873 sublatus
563 2821 648 2872 terre
661 2807 746 2872 ferro
759 2807 867 2876 excisa
880 2807 1039 2872 evanescit

328 2895 410 2961 Usta
424 2915 482 2979 per
495 2893 613 2980 palutio
627 2907 747 2959 vestuto
761 2894 836 2980 igne

326 2981 370 3046 Et
385 2981 491 3046 hostili
505 2979 603 3048 hasta„

241 3089 319 3134 nuc.
328 3067 362 3134 0
376 3068 480 3153 putria
493 3067 589 3132 ultrix
603 3087 746 3131 meorum
760 3065 932 3132 liberorum
947 3064 956 3130 l

240 3177 318 3222 ono.
329 3155 416 3232 Heu,
431 3151 512 3218 heul

240 3239 358 3308 11an
373 3239 475 3318 liberi,
491 3238 607 3316 audite,
622 3239 785 3322 agnoscite
799 3236 908 3304 metris
922 3260 1042 3304 vooem.

240 3350 318 3396 cuo.
329 3326 434 3392 Vooue
449 3339 590 3391 mortuos
604 3324 732 3414 lugubri
746 3348 832 3390 voce.

238 3414 366 3482 nuc-Et
380 3413 490 3478 senilia
504 3433 625 3498 ponens
638 3414 782 3478 membru
794 3413 828 3476 iu
843 3410 923 3490 solo,

327 3501 371 3566 Et
384 3499 530 3565 munibus
543 3511 661 3564 terrem
676 3501 811 3564 nmdeus
824 3493 1000 3564 ambobus?

239 3610 316 3655 cuo
328 3587 509 3654 Succedens
521 3585 580 3652 tibi
635 3607 678 3650 nu
693 3607 781 3671 pono
794 3586 827 3650 in
841 3601 936 3663 terre,

327 3672 422 3739 Moou
436 3695 552 3740 voouns
566 3695 601 3738 su
638 3686 724 3738 tenu

326 3761 466 3826 Miseros
481 3758 623 3825 maritos.

242 3848 353 3914 urolt
381 3847 474 3923 'mun
490 3845 633 3911 ferimur.
663 3866 741 3912 cuo.
764 3844 930 3924 Dolorem,
945 3844 1089 3911 dolorem
1103 3842 1236 3912 clumns.¹
1253 3855 1348 3916 1³00

167 3940 173 3955 '
240 3935 353 4000 11qu
392 3933 517 3998 seruilio
530 3932 619 3997 atriu.
664 3951 740 3998 cuo.
765 3931 815 4000 Ex
829 3951 901 3998 mou
914 3933 1028 4017 patrie.

239 4041 317 4086 nnc.
332 4020 403 4084 Heu
417 4019 425 4083 Ι

327 4104 359 4170 Ο
375 4103 515 4184 Priame,
532 4103 679 4172 Primuel
706 4119 740 4170 tu
755 4104 882 4205 quidem
900 4120 1044 4172 mortuus

326 4190 519 4276 Insepultus,
532 4207 564 4258 et
578 4193 700 4278 ubsque
711 4191 832 4270 uminis,
847 4215 882 4258 es
896 4193 1027 4280 ignetur
1040 4213 1120 4258 meoe
1134 4191 1288 4258 mmuh.

324 4279 405 4344 Atre
418 4276 503 4342 euim
518 4281 628 4346 oeulos
642 4291 715 4344 tuoe
726 4279 805 4366 tegit
