2888 4856
408 223 664 290 Huucutns
687 221 884 292 FURENS.
1130 233 1189 294 tut

105 395 265 464 unmNon
281 396 357 460 mita
380 395 450 460 veni
472 407 507 460 ut
529 397 639 461 sciram
661 395 748 482 prim
769 394 930 482 quomodo
952 417 985 462 ae
1006 394 1058 461 bic
1072 417 1121 462 roa
1134 395 1192 462 ha·

278 483 399 547 berem.

105 590 165 635 arr.
188 567 362 646 Quomodo
376 589 452 633 vero
465 568 586 632 tamdiu
600 567 683 633 firiati
698 570 756 631 aub
770 565 880 632 terrui

104 655 361 720 uumiieducena
375 655 545 732 Theseum,
561 654 601 718 ab
615 655 722 718 inferia
736 665 901 728 cunctatur
915 674 996 729 aum,
1014 655 1047 718 0
1061 667 1159 736 pater.

105 762 165 806 arr.
190 740 257 808 Ubi
271 763 345 805 vero
358 743 386 804 ie
400 741 468 806 eat?
489 755 596 804 utrum
610 741 667 804 ivit
679 743 711 804 in
724 740 824 804 tolum
840 758 933 804 terrae
947 739 1083 826 patriae?

105 827 255 894 utnlvit
272 827 422 904 Athenas,
437 828 577 914 gaudens
591 849 625 890 aa
638 825 670 890 fu
695 827 753 892 'sae
766 847 807 891 ex
823 827 899 892 locis
914 827 1134 893 subterraneia.

193 914 257 980 Sed
271 915 329 1014 eja,
345 913 510 1000 sequimini
525 927 657 997 patrem,
721 912 812 978 liberi
828 913 860 978 in
875 913 1017 980 domum.

192 999 345 1064 introitus
359 999 500 1085 profecto
515 1000 673 1064 umoenior
687 1001 775 1064 exitu

192 1085 293 1151 Adest
306 1086 404 1151 vobis.
435 1085 544 1163 Quare
558 1084 703 1150 fiduciam
720 1085 870 1164 habeatis,

193 1171 236 1236 Et
250 1171 333 1237 rivos
346 1171 510 1237 oculorum
526 1193 566 1235 ne
579 1171 712 1257 ampliu·
726 1171 903 1250 effundatis,

191 1257 317 1408 Tuzue,
333 1259 366 1324 Ο
379 1281 449 1323 mea
464 1259 590 1344 conjux,
605 1259 745 1322 animum
761 1258 916 1346 recollige,
1127 1267 1192 1326 690

192 1341 235 1408 Et
273 1345 358 1410 asine
371 1345 560 1422 tremiscere,
575 1357 607 1409 et
622 1367 705 1410 meaa
719 1359 817 1409 reaten
830 1344 973 1410 dimitte:

171 1505 176 1516 ι
192 1429 267 1494 Non
282 1433 365 1494 enim
380 1451 445 1495 nrm
462 1431 574 1507 alatur,
589 1451 692 1516 neque
704 1430 738 1494 fu
779 1432 922 1515 recupio
937 1433 1063 1496 amiooa.

191 1515 275 1666 grAh)
291 1538 354 1580 non
370 1518 534 1584 dimittunt
548 1517 592 1595 hi,
608 1517 661 1581 aed
676 1539 737 1602 pen
761 1533 814 1582 ent
829 1541 869 1582 en
880 1517 1019 1584 vestibus

225 1616 300 1669 anto
313 1605 429 1692 megin
452 1605 533 1668 adeo
546 1605 578 1667 in
594 1603 659 1667 acie
672 1603 804 1689 periculi
818 1605 955 1668 stetistis.

192 1689 318 1754 Ducum
333 1691 475 1774 capiens;
499 1689 557 1753 hoa
570 1704 674 1753 autern
690 1691 855 1774 ecapituins
870 1689 1024 1768 manibus,

193 1775 283 1840 Sicut
298 1777 396 1841 Navis
410 1775 580 1841 attraham:
602 1777 718 1840 etenim
733 1797 796 1839 non
813 1797 923 1840 recuro

191 1861 308 1926 Curam
321 1863 490 1926 liberorum
504 1887 512 1926 ι
534 1883 643 1926 omnes
657 1862 800 1926 homines
815 1865 848 1926 ia
864 1863 917 1926 itoc
926 1873 995 1926 nort
1008 1861 1156 1948 aequaiea.

191 1951 317 2098 Amaffi
333 1950 410 2013 enim
432 1949 547 2014 liberos
569 1961 601 2012 et
622 1950 673 2012 illi
689 1947 743 2036 qui
757 1959 827 2012 euru
842 1947 1092 2033 praeatantiaaimi
1106 1967 1193 2013 mor·

319 2053 396 2112 tum,

191 2119 235 2185 Et
249 2121 305 2199 iiii,
321 2123 374 2206 qui
389 2120 468 2185 nihii
484 2136 565 2188 sunt.
610 2123 737 2208 Opibus
751 2136 854 2186 autam
869 2121 951 2186 iuter
964 2144 998 2187 ae
1012 2119 1179 2186 differunt:

190 2207 253 2272 Alii
276 2207 402 2356 hairlent,
425 2206 458 2272 hi
481 2231 557 2274 vero
578 2230 665 2274 nona
702 2231 796 2274 omne
816 2221 922 2273 autem
944 2231 1045 2296 genua
1066 2229 1191 2272 amaric-

297 2315 334 2358 ro
346 2294 383 2358 ia.
1125 2301 1190 2360 680

104 2315 344 2448 cantaverint
367 2389 411 2444 eat
431 2379 509 2444 mihi
531 2395 656 2467 gratum
678 2380 814 2470 aliquid3
845 2393 988 2447 senectus
1010 2399 1084 2446 aero
1108 2399 1190 2443 onus

275 2485 399 2551 comper
1060 2471 1127 2552 (sir.
1146 2467 1188 2548 1.)

189 2553 325 2617 Gravius
340 2552 474 2637 scopulis
490 2551 599 2618 AEtnae
614 2575 710 2639 supro
724 2566 819 2638 caput
828 2555 922 2638 jacet,

191 2636 354 2722 Palpebris
368 2637 488 2703 fuscum
503 2639 634 2726 pallium
650 2641 857 2725 praetendens.

187 2723 240 2788 Ne
254 2725 331 2788 mihi
346 2745 406 2788 nee
421 2725 549 2791 Asiatici

190 2811 294 2897 Regni
308 2832 385 2890 opes
398 2811 471 2890 sint,

188 2895 258 2962 Nec
272 2899 341 2961 auri
356 2895 469 2961 domus
483 2897 577 2982 piena

188 2982 234 3050 Ut
247 2983 310 3047 haec
324 3005 383 3068 pro
395 2983 565 3049 iuventute
579 2985 729 3069 accipiant
743 2985 750 3048 i

187 3069 273 3146 Quae
288 3069 501 3154 pulcherrima
515 3071 641 3156 quidem
657 3071 688 3134 in
704 3071 831 3146 divitiis,

190 3154 405 3220 Pulcherrima
421 3157 514 3221 etiam
530 3168 573 3222 eat
588 3159 619 3222 in
634 3171 827 3243 paupertate.

187 3241 355 3307 Molestum
371 3243 455 3306 enim
471 3243 668 3329 effictumque
681 3267 786 3309 senec-

186 3342 285 3394 tutem
301 3327 372 3393 odi:
394 3328 454 3394 sub
468 3329 581 3394 fluctus
595 3345 698 3394 auteur

189 3413 335 3480 Peritura
350 3415 465 3479 vadati
491 3415 612 3481 Debuit
626 3439 786 3503 nunquam

189 3499 240 3566 Ad
256 3499 340 3566 redeo
353 3500 518 3566 hominum
533 3517 565 3566 at
579 3501 718 3568 civitatee

185 3587 314 3666 Venire,
328 3588 383 3652 aed
397 3590 430 3654 in
445 3611 517 3654 uere
531 3611 610 3654 aem-

183 3675 312 3760 paralio
325 3673 410 3738 ferri.
663 3701 670 3710 ·

185 3761 220 3828 Si
248 3781 324 3825 vero
353 3761 424 3826 Diis
451 3776 531 3827 earet
558 3762 727 3847 prudentia
762 3773 795 3826 et
829 3761 991 3847 capientia,
1024 3781 1100 3846 arga
1128 3759 1186 3926 ho}

270 3847 368 3913 minea
1058 3855 1123 3912 unt.
1141 3855 1171 3913 1.

186 3931 353 3998 Haberent
365 3933 522 4022 geminam
536 3934 749 4012 iuventutem,
766 3933 965 4000 manifestum
979 3851 1105 4023 signium
1171 3937 1175 3946 '

186 4019 329 4099 Virtutis,
367 4020 460 4085 uibus
475 4022 564 4086 virm
577 4021 706 4097 udeaaet,
721 4037 754 4085 et
769 4021 937 4086 morientes

185 4105 238 4170 Ad
252 4045 434 4197 spienriorea
449 4105 648 4172 solicitorum

186 4191 271 4258 irent
286 4194 430 4282 geminos
444 4215 561 4270 curcua,
1120 4199 1187 4262 660
