2794 4862
372 197 821 274 ANDROMACHE.
1075 211 1139 275 Ἡ

76 424 83 431 -
142 374 186 444 An
200 375 303 442 lilium
318 377 425 440 meum
439 376 613 444 oeoidatis?
638 391 672 442 at
683 378 847 464 quomodo
861 389 954 464 pater
1016 383 1021 392 '
1037 385 1042 392 '
1076 387 1139 444 tto

146 463 222 528 Filio
234 476 364 527 mortuo
377 461 439 528 boe
450 481 545 550 aequo
558 465 759 530 aoimoieret
769 463 826 530 l·-

144 549 213 615 Non
229 549 309 614 adeo
323 549 472 636 ignavum
488 571 560 614 eum
570 551 674 636 ‘Troja
688 565 822 616 voest-

143 637 198 702 Sed
214 635 302 702 vadit
315 657 380 722 quo
395 649 537 719 oportet:
563 636 659 702 Peleo
672 639 759 702 enim
772 637 884 726 dignas

143 723 201 787 Rea
214 736 247 786 et
264 721 389 789 Achille
402 736 493 807 patra
507 721 664 790 videbitur
678 725 792 790 faeere
1157 791 1159 796 ,

142 807 284 894 Expellet
299 821 403 873 autem
413 823 499 874 tuam
514 809 613 875 liliam
625 815 665 875 e'x
681 811 822 876 aedibua:
845 824 876 876 et
891 824 926 876 tu
937 810 1049 896 nuptui
1061 810 1138 875 dans

127 896 245 972 ‘Alteri
261 895 339 982 quid
353 895 458 959 diues?
483 911 589 960 utrum
627 897 688 961 uod
705 897 822 962 malum
836 899 939 962 virum

141 981 252 1084 Fugiat
266 979 358 1068 hujus
371 982 551 1048 modestia?
571 917 626 1048 aed
642 1005 749 1048 verum
765 983 881 1050 audiet

139 1067 218 1144 Qurs
232 1089 307 1132 aero
320 1069 416 1133 duoet
429 1068 524 1134 eam?
546 1091 584 1133 an
600 1071 701 1155 ipsam
715 1070 782 1135 sine
795 1071 865 1136 viro
877 1070 968 1135 domi

139 1154 274 1220 'l'enebis
288 1155 415 1219 viduam
431 1155 566 1221 canant?
588 1155 621 1220 Ο
635 1156 731 1220 miser
745 1157 802 1234 vir,

138 1241 211 1305 Non
226 1242 312 1307 videt
325 1241 463 1306 effluxus
477 1255 637 1308 tantorum
652 1243 832 1308 malorum?
1075 1250 1138 1308 350
1246 1297 1249 1308 .

138 1326 225 1402 Quot
239 1349 315 1392 vero
330 1329 524 1394 concubinis
539 1329 636 1394 liliam
651 1343 737 1395 tuem
753 1330 951 1396 molestatam

139 1413 251 1480 Malles
266 1415 414 1492 invenire,
431 1437 526 1501 quarn
541 1418 618 1500 pati,
634 1438 707 1502 quae
721 1439 781 1504 ego
795 1415 893 1484 dieo?

138 1501 210 1565 Non
226 1513 352 1586 oportet
366 1505 408 1565 ob
421 1523 535 1586 portas
547 1523 606 1580 res,
621 1523 738 1590 magna
750 1505 934 1589 diripuere
948 1503 1042 1583 mala,

137 1587 258 1674 Neque,
274 1587 300 1651 si
315 1607 373 1651 nos
388 1588 533 1653 mulieres
547 1611 654 1654 sumus
667 1610 786 1654 nooens
798 1589 925 1668 malum,
982 1595 985 1603 ’

136 1673 233 1738 Viros
249 1673 316 1737 fieri
332 1674 449 1738 similes
460 1676 646 1740 mulieribus
660 1689 784 1742 natura.

135 1760 200 1824 Nos
214 1761 301 1824 eninr
317 1773 422 1826 utrum
439 1762 598 1826 veneficiis
612 1762 758 1828 laedimus
767 1775 861 1827 tuam
874 1763 983 1841 liliam,

135 1846 176 1910 Et
190 1860 329 1911 ventrem
344 1845 407 1932 ejus
420 1847 559 1912 abortire
570 1847 713 1926 facimus,
730 1861 767 1914 ut
780 1849 848 1934 ipss
861 1849 948 1926 dicit,
970 1855 975 1862 '
990 1899 997 1912 .
1028 1893 1032 1900 -

136 1933 294 2010 volentes,
310 1953 375 1998 non
389 1933 491 2014 inviti,
506 1956 565 1998 nec
580 1936 620 2000 ad
635 1957 721 1999 mam
737 1935 865 2022 quidem

136 2019 351 2097 Procidentes,
366 2019 426 2105 ipsi
436 2021 590 2108 judioium
606 2021 782 2088 subibimus
856 2027 859 2036 ’
946 2041 949 2048 ·

135 2106 232 2190 Apud
247 2119 319 2170 tuos
333 2126 474 2194 generos,
488 2108 606 2193 quibus
620 2130 684 2172 non
698 2108 856 2174 minorem
1071 2111 1134 2170 ³60

135 2191 266 2258 Poenam
281 2192 392 2268 debeo,
409 2194 528 2258 addens
542 2196 721 2258 orbitatem.

133 2279 202 2344 Nos
216 2279 315 2366 igitur
329 2301 429 2343 sumere
444 2280 539 2345 tales:
563 2281 619 2346 sed
634 2283 678 2346 tui
693 2283 793 2346 naitui
873 2307 876 2314 ⁴

135 2365 247 2431 Unum
264 2385 340 2430 soue
363 2380 486 2431 metuo:
509 2382 731 2456 sarapropter
753 2367 990 2434 contentionem
1005 2385 1044 2430 ex
1066 2385 1136 2426 mu-

220 2452 413 2516 liere-ortam
467 2497 474 2511 .

133 2537 177 2602 Et
192 2537 347 2603 infelioem
361 2539 526 2623 perdidisti
543 2539 708 2626 Phrygum
726 2542 847 2606 urbem.

32 2647 122 2691 cao.
135 2627 289 2690 Artdacter
303 2647 377 2690 sone
391 2649 425 2689 es
439 2625 555 2704 locuta,
572 2649 607 2692 ιιι
622 2627 745 2704 mulier,
760 2629 800 2694 ad
816 2629 909 2702 viros,

130 2711 176 2776 Et
191 2723 277 2776 tuam
293 2711 478 2776 modestiam
493 2711 645 2778 absumsit
658 2725 869 2799 contemptus.

26 2796 263 2876 anemurio,
280 2798 426 2862 istasunt
439 2821 537 2884 parra
550 2815 583 2863 et
598 2799 731 2884 imperio

128 2883 214 2950 Meo
227 2881 298 2948 uon'
307 2881 415 2968 digna,
432 2899 467 2949 ut
481 2885 539 2962 ais,
554 2907 657 2971 neque
672 2886 809 2950 Graeoia.

127 2969 198 3037 Sed
215 2973 295 3035 bene
308 2971 397 3048 scias,
412 2993 477 3060 quo
490 2970 561 3058 quis
575 2993 655 3056 opus
671 2971 776 3050 babet,

126 3057 210 3122 Hoc
225 3057 354 3122 cuilibet
367 3057 467 3144 pluris
482 3071 538 3136 est,
554 3081 648 3162 quam
666 3057 797 3144 Trojam
813 3079 934 3142 capere.
1073 3063 1136 3122 370

124 3143 175 3208 Et
191 3166 252 3232 ego
268 3143 504 3230 filiae‚-jndioo
518 3167 603 3209 entur
618 3145 678 3210 ista
693 3167 757 3210 esee
769 3165 894 3231 magna,

121 3230 184 3296 Ne
197 3231 340 3316 privetur
354 3232 639 3310 connubio,-eum
654 3231 791 3318 adjutor.

123 3316 219 3382 Nam
235 3317 297 3381 alia
311 3317 439 3402 quidem
454 3330 490 3382 nt
506 3319 630 3382 minora
640 3317 722 3383 ferat
735 3317 864 3382 mulier:

120 3403 199 3471 Sed
208 3404 364 3488 ¹enuidens
379 3405 457 3476 viro,
473 3405 591 3470 exnidit
604 3406 678 3469 vita.

83 3509 93 3520 ·
118 3490 294 3556 Convenit
315 3503 419 3555 autem
442 3489 531 3556 illum
547 3494 570 3555 i.
586 3513 612 3554 e.
633 3492 863 3574 Neoptolemus,
883 3489 1040 3574 imperare
1061 3486 1138 3550 meis

218 3597 287 3641 serr

116 3663 178 3730 Et
191 3597 421 3764 meonmrireque
435 3675 590 3750 praeterea
603 3663 686 3728 illius
699 3664 799 3728 sentia.

108 3750 316 3819 Amioorum
332 3769 416 3814 emm
431 3749 512 3814 nibil
525 3750 758 3837 est-proprium,
774 3750 828 3835 qui
843 3747 937 3813 satiei

107 3837 217 3903 Vere
232 3850 316 3913 sont,
331 3835 392 3901 sed
402 3837 486 3901 bona
499 3847 571 3901 mat
584 3840 761 3902 communia.

107 3925 312 4009 Expectans
326 3935 431 3988 autem
447 3925 603 4004 abrentes,
618 3923 646 3986 si
660 3945 726 3988 non
741 3921 930 3988 constituam
1000 3999 1003 4008 ι

104 4013 211 4079 Mea
225 4031 321 4096 quam
336 4009 466 4095 optime,
483 4011 615 4100 ignavus
629 4031 708 4086 sum,
726 4021 758 4073 et
772 4030 835 4072 non
852 4005 986 4091 sapiens.
1075 4015 1138 4072 380

101 4097 198 4169 Sed
214 4117 348 4185 surgens
363 4097 441 4163 cede
455 4119 494 4162 ex
509 4096 570 4162 hoc
584 4096 705 4181 templo
718 4095 803 4159 deae:

97 4184 230 4264 Quia,
247 4185 323 4247 situ
338 4183 493 4261 moriaris,
511 4205 589 4268 puer
597 4184 661 4247 iste
674 4182 803 4270 effingiet
816 4193 961 4263 mortem,

96 4273 182 4340 Te
197 4291 273 4335 vero
288 4291 353 4335 non
369 4270 493 4336 volente
507 4271 598 4348 mori,
615 4270 701 4336 buno
715 4267 913 4335 interficiam.
