2852 4862
636 188 961 256 EURIPIDIS

341 367 486 435 Primum
499 364 629 453 quidem
645 365 715 430 haec
728 365 852 450 peperit
864 363 958 430 initis
968 362 1086 430 horum
1099 366 1272 448 melorum,
1285 377 1341 437 910

339 454 488 520 Paridem
503 452 649 538 perlens:
672 451 787 516 deinde
801 457 885 514 vero·
891 449 1031 534 perdidit

341 541 474 627 Trojsm
496 552 528 604 et
549 561 600 604 me
621 537 674 602 ille
694 560 791 604 senex
812 539 1059 631 Priamumpon
1083 539 1280 608 interficiens
1299 543 1342 607 in·

426 627 543 690 sentem

340 713 430 780 Facis
444 673 564 777 tristem
579 709 714 798 effigiem
728 707 945 774 Alexandrum
962 709 1050 776 olim.

343 798 430 864 Audi
445 797 596 883 verojam
611 812 737 874 catere,
754 809 789 858 ut
802 817 836 858 se
850 795 987 862 habent:

343 884 411 949 Hic
428 885 520 949 Poris
534 882 594 947 fuit
603 882 701 968 judex
717 879 848 967 triplicis
856 882 927 969 jugi
942 883 1041 948 trium
1054 881 1198 950 dmmm.

342 971 386 1036 Et
402 969 541 1036 Palladis
557 969 684 1053 quidem
700 966 886 1032 Alexandro
899 970 1079 1050 montetum
1092 983 1170 1048 eret,

341 1057 424 1122 Fore
437 1067 474 1121 nt
488 1056 658 1134 Graeciam,
674 1053 858 1139 Phrygibus
872 1054 1040 1140 imperans,
1055 1055 1233 1143 subigeret:

339 1144 361 1208 J
363 1165 427 1208 uno
441 1165 517 1208 vero
530 1142 676 1226 promisit
689 1140 810 1216 Asiam,
828 1139 1029 1226 Europaeque
1043 1141 1122 1206 lines
1135 1145 1221 1208 illuns

342 1231 491 1317 Regnum
503 1226 694 1303 habiturum,
704 1226 731 1289 si
741 1247 775 1290 se
784 1227 898 1292 cetae
905 1227 1052 1312 judicans
1063 1228 1232 1296 anteferret
1243 1230 1339 1296 Paria

338 1317 446 1380 Venus
460 1336 535 1378 vem
550 1313 681 1378 mirifice
695 1312 871 1398 proedicsns
887 1334 988 1380 meum
1003 1314 1148 1393 formem,
1165 1316 1246 1381 hunc
1280 1325 1340 1383 920

343 1402 385 1467 Se
398 1400 544 1465 daturam
559 1400 619 1482 ipsi
632 1398 787 1484 promisit,
802 1398 827 1462 si
842 1399 930 1464 Deus
943 1415 1120 1484 superesset

341 1485 603 1553 Pulchritudine:
626 1507 712 1550 nunc
726 1506 801 1548 vero
811 1484 899 1570 quod
909 1499 1050 1552 secutum
1061 1501 1119 1564 est,
1129 1499 1165 1553 ut
1174 1511 1207 1554 se
1217 1487 1338 1566 hebeat,

470 1573 605 1655 rpeudes

343 1595 572 1724 VineileVenus
586 1658 680 1723 deas:
702 1672 736 1722 et
751 1671 873 1722 tautum
889 1679 969 1722 meoe
984 1658 1104 1742 nuptias

340 1746 497 1811 Iuverunt
511 1745 688 1820 Grseciam3
712 1743 920 1810 barbaromm
934 1745 1069 1830 imperio
1085 1767 1151 1810 non
1173 1748 1248 1812 estis
1268 1747 1339 1813 sub·

427 1830 509 1907 ‘ecti,

342 1917 412 1983 Nec
465 1915 648 1982 lloobviam
664 1929 781 1990 sunm,
796 1938 855 1982 nec
870 1917 1046 2002 tyrannide.

342 2005 381 2070 ln
396 2004 510 2090 quibus
524 2025 599 2068 vero
613 2003 687 2068 felix
701 2003 798 2068 evasit
812 2003 948 2080 Grecis,
964 2027 1025 2154 epp
1037 2004 1127 2089 perii,

231 2139 234 2147 .
342 2088 455 2155 Palma
467 2088 710 2174 pulchritudinis
725 2089 860 2166 vendita,
876 2104 909 2154 et
922 2110 984 2175 pro
1009 2111 1078 2155 rose
1090 2112 1236 2170 accusor,

342 2175 397 2241 Ob
411 2199 483 2262 qnae
497 2175 639 2260 oportuit
652 2197 704 2239 me
717 2197 867 2240 coronam
882 2178 915 2240 in
929 2189 1026 2260 ceput
1038 2178 1192 2264 accipere.

1417 1861 1418 1920 l

1417 1923 1418 1976 l

343 2261 496 2359 Nondum
512 2261 597 2326 dices
604 2283 662 2363 ,me
675 2260 717 2326 nd
731 2263 927 2362 propositum
941 2263 1056 2362 dicere,

342 2347 441 2424 Quod
455 2346 645 2412 drscessenm
660 2347 742 2412 clem
757 2371 798 2412 ex
812 2364 875 2413 tms
888 2347 1020 2415 sedibus.
1279 2359 1336 2416 990
1417 2423 1418 2482 ,

233 2434 236 2443 '
341 2433 448 2511 Venit,
465 2456 528 2497 non
543 2435 692 2518 exiguam
708 2433 800 2498 deam
815 2431 933 2500 habens
943 2457 1060 2512 secum

342 2520 451 2606 Hujus
465 2519 603 2584 Heoudae
616 2520 716 2584 malus
731 2519 867 2598 doemon,
883 2521 949 2584 sive
962 2521 1184 2588 Alexandrum
1200 2521 1279 2588 velis

340 2605 426 2671 Eum
441 2606 609 2692 appellare,
625 2607 689 2670 sive
707 2606 829 2671 Parim:
1417 2629 1418 2672 l

340 2695 443 2763 Quem
459 2705 504 2770 tu,
521 2693 554 2757 Ο
568 2692 777 2777 ignavissime,
793 2695 824 2756 in
840 2705 896 2758 tua
909 2693 1006 2758 domo
1022 2693 1211 2780 relinquens,
1417 2709 1418 2776 l

342 2778 430 2843 Nave
444 2801 485 2844 ex
501 2779 615 2863 Sparta
628 2779 661 2842 in
677 2779 805 2844 Cretam
820 2777 933 2844 obiisti.
1417 2777 1418 2806 ¹

340 2863 405 2950 (Sit
419 2867 463 2930 its
473 2867 497 2946 r)
519 2887 583 2929 non
593 2878 635 2942 te,
647 2864 703 2929 sed
717 2866 866 2950 meipsam
878 2865 1082 2954 interrogsbo
1091 2866 1131 2932 de
1144 2888 1184 2932 eo
1194 2868 1280 2954 quod
1292 2888 1336 2931 te·
1417 2875 1418 2944 ζ

447 2951 550 3016 uitur:
1417 2983 1418 2998 ¹

340 2974 541 3124 Quidqigitnr
553 3037 696 3126 cogitans
710 3059 752 3102 ex
768 3036 865 3102 domo
878 3052 984 3104 soeuts
996 3061 1066 3104 sum

340 3121 524 3208 Hospitem,
539 3124 676 3210 prodens
689 3124 834 3209 patriam,
849 3137 882 3190 et
894 3147 999 3190 meam
1013 3122 1168 3190 domum?

339 3206 447 3290 Ipsam
461 3209 554 3274 deam
576 3211 713 3275 Venernn
726 3210 818 3296 objur
884 3223 916 3276 et
929 3210 1263 3296 Jovepotentiorfias,

339 3293 406 3370 Qui
421 3293 547 3382 quidem
563 3295 596 3360 in
611 3295 689 3360 alios
703 3297 777 3362 deos
793 3233 888 3362 hilis
901 3297 1079 3382 imperium,
1273 3305 1332 3364 94⁰
1417 3319 1418 3384 ,

339 3380 448 3468 Hujus
462 3403 537 3447 vero
550 3403 657 3447 servus
671 3395 734 3448 est:
757 3382 831 3448 ideo
844 3397 877 3448 et
890 3383 969 3448 mihi
984 3397 1031 3448 est
1042 3383 1282 3471 ignoscendum.
1417 3391 1418 3476 j

339 3465 421 3532 Inde
448 3490 523 3532 vero
550 3491 656 3555 posses
685 3467 802 3534 habere
824 3469 996 3556 speciosam
1025 3469 1256 3538 accusationem
1278 3467 1332 3534 ed·
1417 3505 1418 3518 2

423 3575 530 3620 versus
544 3576 611 3620 me:
760 3575 766 3586 ·

195 3685 198 3692 -
338 3639 512 3728 Postquam
528 3639 709 3706 Alexander
724 3655 867 3706 mortuus
881 3641 939 3707 ivit
951 3642 985 3706 in
998 3653 1093 3708 teme
1106 3663 1255 3722 mouns,

341 3727 426 3794 'Ilaec
446 3728 587 3812 oportuit
608 3748 670 3808 me,
691 3749 791 3815 quum
813 3749 884 3792 mes
906 3727 1066 3794 connubia
1085 3749 1150 3793 non
1172 3741 1274 3796 enent
1292 3727 1330 3794 sb
1417 3727 1418 3776 ἶ

423 3812 530 3900 aliquo
545 3813 689 3880 Deorum
704 3827 823 3890 coacte,

338 3898 470 3964 Relictis
484 3899 605 3966 edibus
618 3899 660 3964 ad
672 3901 721 3965 Ar
744 3900 866 3966 'vorum
881 3921 976 3968 naves
989 3900 1105 3966 venire.

338 3984 512 4050 Studebsm
527 3987 587 4052 hoc
597 3985 700 4071 ipsum
729 4009 834 4052 soeret
855 3999 949 4053 testes
962 3997 1069 4052 autem
1084 3993 1160 4052 sunt
1172 3989 1250 4054 milri

336 4070 489 4138 Turrinm
503 4073 647 4140 custodes
660 4084 692 4138 et
706 4096 724 4138 e
737 4074 837 4138 muris
850 4072 1073 4160 speculatores,

336 4155 404 4232 Qui
418 4177 469 4222 me
578 4157 855 4246 deprehenderunt
868 4181 910 4225 ex
924 4159 1172 4248 propugandis

337 4239 479 4308 Funibus
549 4257 664 4310 terrant
680 4245 762 4311 clam
777 4245 994 4312 demittentem
1008 4245 1071 4312 hoe
1085 4267 1211 4334 corpus.
