<?xml version="1.0" encoding="UTF-8"?>
<!DOCTYPE html PUBLIC "-//W3C//DTD XHTML 1.0 Transitional//EN"
    "http://www.w3.org/TR/xhtml1/DTD/xhtml1-transitional.dtd">
<html xmlns="http://www.w3.org/1999/xhtml" xml:lang="en" lang="en">
 <head>
  <title>
</title>
<meta http-equiv="Content-Type" content="text/html;charset=utf-8" />
  <meta name='ocr-system' content='tesseract 3.04.00' />
  <meta name='ocr-capabilities' content='ocr_page ocr_carea ocr_par ocr_line ocrx_word'/>
</head>
<body>
  <div class='ocr_page' id='page_1' title='image "./euripidistragoe00mattgoog/euripidistragoe00mattgoog_0086.png"; bbox 0 0 2824 4860; ppageno 0'>
   <div class='ocr_carea' id='block_1_1' title="bbox 367 227 760 310">
    <p class='ocr_par' dir='ltr' id='par_1_1' title="bbox 367 227 760 310">
     <span class='ocr_line' id='line_1_1' title="bbox 367 227 760 310; baseline 0 -3"><span class='ocrx_word' id='word_1_1' title='bbox 367 257 371 264; x_wconf 88' lang='grc'><strong>’</strong></span> <span class='ocrx_word' id='word_1_2' title='bbox 414 227 760 310; x_wconf 79' lang='lat' dir='ltr'><strong>PHOENISSAE.</strong></span> 
     </span>
    </p>
   </div>
   <div class='ocr_carea' id='block_1_2' title="bbox 12 411 1235 4448">
    <p class='ocr_par' dir='ltr' id='par_1_2' title="bbox 12 411 1235 4448">
     <span class='ocr_line' id='line_1_2' title="bbox 229 411 816 495; baseline 0.009 -19"><span class='ocrx_word' id='word_1_3' title='bbox 229 413 239 476; x_wconf 93' lang='lat' dir='ltr'>i</span> <span class='ocrx_word' id='word_1_4' title='bbox 254 411 407 491; x_wconf 79' lang='lat' dir='ltr'>consedit,</span> <span class='ocrx_word' id='word_1_5' title='bbox 423 435 487 480; x_wconf 91' lang='lat' dir='ltr'>non</span> <span class='ocrx_word' id='word_1_6' title='bbox 501 414 635 480; x_wconf 77' lang='lat' dir='ltr'><strong>discedit</strong></span> <span class='ocrx_word' id='word_1_7' title='bbox 648 419 688 481; x_wconf 82' lang='lat' dir='ltr'>ex&#39;</span> <span class='ocrx_word' id='word_1_8' title='bbox 763 437 816 495; x_wconf 90' lang='lat' dir='ltr'>no,</span> 
     </span>
     <span class='ocr_line' id='line_1_3' title="bbox 132 499 921 588; baseline 0.004 -22"><span class='ocrx_word' id='word_1_9' title='bbox 132 499 174 566; x_wconf 87' lang='lat' dir='ltr'>Se</span> <span class='ocrx_word' id='word_1_10' title='bbox 211 499 352 564; x_wconf 83' lang='lat' dir='ltr'>extrudit</span> <span class='ocrx_word' id='word_1_11' title='bbox 365 499 491 565; x_wconf 81' lang='lat' dir='ltr'>exulem</span> <span class='ocrx_word' id='word_1_12' title='bbox 506 502 679 588; x_wconf 79' lang='lat' dir='ltr'>Polynicen</span> <span class='ocrx_word' id='word_1_13' title='bbox 694 525 735 567; x_wconf 90' lang='lat' dir='ltr'>ex</span> <span class='ocrx_word' id='word_1_14' title='bbox 776 525 812 567; x_wconf 86' lang='lat' dir='ltr'>ac</span> <span class='ocrx_word' id='word_1_15' title='bbox 826 515 921 569; x_wconf 86' lang='lat' dir='ltr'>terra.</span> 
     </span>
     <span class='ocr_line' id='line_1_4' title="bbox 130 585 1018 673; baseline 0.007 -23"><span class='ocrx_word' id='word_1_16' title='bbox 130 585 191 650; x_wconf 91' lang='lat' dir='ltr'>Ille</span> <span class='ocrx_word' id='word_1_17' title='bbox 204 607 278 650; x_wconf 86' lang='lat' dir='ltr'>vero</span> <span class='ocrx_word' id='word_1_18' title='bbox 295 587 399 670; x_wconf 81' lang='lat' dir='ltr'>Argos</span> <span class='ocrx_word' id='word_1_19' title='bbox 413 588 551 667; x_wconf 86' lang='lat' dir='ltr'>veniens,</span> <span class='ocrx_word' id='word_1_20' title='bbox 561 589 692 673; x_wconf 81' lang='lat' dir='ltr'>junctus</span> <span class='ocrx_word' id='word_1_21' title='bbox 706 587 856 655; x_wconf 86' lang='lat' dir='ltr'>affinitate</span> <span class='ocrx_word' id='word_1_22' title='bbox 871 589 1018 669; x_wconf 81' lang='lat' dir='ltr'>Adrasto,</span> 
     </span>
     <span class='ocr_line' id='line_1_5' title="bbox 131 669 1066 762; baseline 0.007 -26"><span class='ocrx_word' id='word_1_23' title='bbox 131 669 289 758; x_wconf 87' lang='lat' dir='ltr'>Magnum</span> <span class='ocrx_word' id='word_1_24' title='bbox 305 673 506 738; x_wconf 73' lang='lat' dir='ltr'>conscribens</span> <span class='ocrx_word' id='word_1_25' title='bbox 521 676 695 739; x_wconf 85' lang='lat' dir='ltr'>exercitum</span> <span class='ocrx_word' id='word_1_26' title='bbox 711 675 903 762; x_wconf 89' lang='lat' dir='ltr'>Argivorum</span> <span class='ocrx_word' id='word_1_27' title='bbox 919 677 1066 743; x_wconf 79' lang='lat' dir='ltr'>adducit:</span> 
     </span>
     <span class='ocr_line' id='line_1_6' title="bbox 131 756 1096 858; baseline 0.009 -36"><span class='ocrx_word' id='word_1_28' title='bbox 131 756 174 822; x_wconf 88' lang='lat' dir='ltr'>Et</span> <span class='ocrx_word' id='word_1_29' title='bbox 185 758 313 858; x_wconf 79' lang='lat' dir='ltr'>veniens</span> <span class='ocrx_word' id='word_1_30' title='bbox 327 757 394 844; x_wconf 86' lang='lat' dir='ltr'>lpaa</span> <span class='ocrx_word' id='word_1_31' title='bbox 408 758 477 824; x_wconf 85' lang='lat' dir='ltr'>haec</span> <span class='ocrx_word' id='word_1_32' title='bbox 490 759 643 824; x_wconf 82' lang='lat' dir='ltr'>Thebana</span> <span class='ocrx_word' id='word_1_33' title='bbox 657 763 774 825; x_wconf 83' lang='lat' dir='ltr'>rnoerria</span> <span class='ocrx_word' id='word_1_34' title='bbox 787 775 904 848; x_wconf 81' lang='lat' dir='ltr'>septem</span> <span class='ocrx_word' id='word_1_35' title='bbox 921 777 1096 848; x_wconf 79' lang='lat' dir='ltr'>portarurn,</span> 
     </span>
     <span class='ocr_line' id='line_1_7' title="bbox 129 844 1127 1018; baseline 0.012 -27"><span class='ocrx_word' id='word_1_36' title='bbox 129 844 1127 1018; x_wconf 49' lang='lat' dir='ltr'>lilegcl&#39;eibidlliteeruliudirdhihlididlhittdliriieaiibtiirliiiciis&#39;venirel?</span> 
     </span>
     <span class='ocr_line' id='line_1_8' title="bbox 128 1014 922 1118; baseline 0.006 -37"><span class='ocrx_word' id='word_1_37' title='bbox 128 1014 276 1118; x_wconf 73' lang='lat' dir='ltr'>Persuasi</span> <span class='ocrx_word' id='word_1_38' title='bbox 289 1014 367 1096; x_wconf 85' lang='lat' dir='ltr'>lilio,</span> <span class='ocrx_word' id='word_1_39' title='bbox 382 1018 566 1104; x_wconf 90' lang='lat' dir='ltr'>priusquam</span> <span class='ocrx_word' id='word_1_40' title='bbox 582 1018 697 1084; x_wconf 88' lang='lat' dir='ltr'>bellurn</span> <span class='ocrx_word' id='word_1_41' title='bbox 714 1034 922 1104; x_wconf 81' lang='lat' dir='ltr'>capesserent.</span> 
     </span>
     <span class='ocr_line' id='line_1_9' title="bbox 128 1102 933 1172; baseline 0.004 -3"><span class='ocrx_word' id='word_1_42' title='bbox 128 1102 274 1169; x_wconf 78' lang='lat' dir='ltr'>Nunnius</span> <span class='ocrx_word' id='word_1_43' title='bbox 287 1111 392 1168; x_wconf 79' lang='lat' dir='ltr'>autem</span> <span class='ocrx_word' id='word_1_44' title='bbox 408 1105 519 1168; x_wconf 76' lang='lat' dir='ltr'>missus</span> <span class='ocrx_word' id='word_1_45' title='bbox 532 1107 577 1172; x_wconf 86' lang='lat' dir='ltr'>ait</span> <span class='ocrx_word' id='word_1_46' title='bbox 590 1127 662 1169; x_wconf 89' lang='lat' dir='ltr'>eum</span> <span class='ocrx_word' id='word_1_47' title='bbox 676 1119 843 1170; x_wconf 85' lang='lat' dir='ltr'>venturum</span> <span class='ocrx_word' id='word_1_48' title='bbox 858 1129 933 1172; x_wconf 87' lang='lat' dir='ltr'>ease.</span> 
     </span>
     <span class='ocr_line' id='line_1_10' title="bbox 126 1187 767 1279; baseline 0.002 -24"><span class='ocrx_word' id='word_1_49' title='bbox 126 1193 171 1255; x_wconf 82' lang='lat' dir='ltr'>At</span> <span class='ocrx_word' id='word_1_50' title='bbox 186 1187 219 1254; x_wconf 92' lang='grc' dir='ltr'><strong>Ο</strong></span> <span class='ocrx_word' id='word_1_51' title='bbox 234 1187 416 1255; x_wconf 79' lang='lat' dir='ltr'>inhabitans</span> <span class='ocrx_word' id='word_1_52' title='bbox 430 1189 550 1255; x_wconf 86' lang='lat' dir='ltr'>lucidas</span> <span class='ocrx_word' id='word_1_53' title='bbox 563 1191 673 1279; x_wconf 88' lang='lat' dir='ltr'>plagas</span> <span class='ocrx_word' id='word_1_54' title='bbox 688 1191 767 1271; x_wconf 88' lang='lat' dir='ltr'>caeli,</span> 
     </span>
     <span class='ocr_line' id='line_1_11' title="bbox 126 1275 938 1360; baseline 0.002 -20"><span class='ocrx_word' id='word_1_55' title='bbox 126 1275 264 1360; x_wconf 84' lang='lat' dir='ltr'>Jupiter,</span> <span class='ocrx_word' id='word_1_56' title='bbox 280 1297 369 1340; x_wconf 87' lang='lat' dir='ltr'>serva</span> <span class='ocrx_word' id='word_1_57' title='bbox 382 1299 450 1354; x_wconf 90' lang='lat' dir='ltr'>nos,</span> <span class='ocrx_word' id='word_1_58' title='bbox 465 1276 507 1341; x_wconf 78' lang='lat' dir='ltr'>da</span> <span class='ocrx_word' id='word_1_59' title='bbox 521 1278 806 1344; x_wconf 78' lang='lat' dir='ltr'>reconciliationem</span> <span class='ocrx_word' id='word_1_60' title='bbox 821 1278 938 1344; x_wconf 84' lang='lat' dir='ltr'>liberis.</span> 
     </span>
     <span class='ocr_line' id='line_1_12' title="bbox 127 1363 981 1450; baseline 0.007 -24"><span class='ocrx_word' id='word_1_61' title='bbox 127 1363 265 1448; x_wconf 88' lang='lat' dir='ltr'>Oportet</span> <span class='ocrx_word' id='word_1_62' title='bbox 278 1363 361 1426; x_wconf 87' lang='lat' dir='ltr'>enirn</span> <span class='ocrx_word' id='word_1_63' title='bbox 376 1376 417 1440; x_wconf 87' lang='lat' dir='ltr'>te,</span> <span class='ocrx_word' id='word_1_64' title='bbox 433 1363 587 1450; x_wconf 80' lang='lat' dir='ltr'>siquidem</span> <span class='ocrx_word' id='word_1_65' title='bbox 603 1364 725 1450; x_wconf 84' lang='lat' dir='ltr'>sapiens</span> <span class='ocrx_word' id='word_1_66' title='bbox 739 1389 782 1443; x_wconf 81' lang='lat' dir='ltr'>ea,</span> <span class='ocrx_word' id='word_1_67' title='bbox 798 1387 862 1430; x_wconf 93' lang='lat' dir='ltr'>nnn</span> <span class='ocrx_word' id='word_1_68' title='bbox 878 1366 981 1432; x_wconf 83' lang='lat' dir='ltr'>sinere</span> 
     </span>
     <span class='ocr_line' id='line_1_13' title="bbox 127 1445 840 1536; baseline 0.007 -25"><span class='ocrx_word' id='word_1_69' title='bbox 127 1447 276 1512; x_wconf 87' lang='lat' dir='ltr'>Eundem</span> <span class='ocrx_word' id='word_1_70' title='bbox 290 1445 450 1514; x_wconf 86' lang='lat' dir='ltr'>hominem</span> <span class='ocrx_word' id='word_1_71' title='bbox 465 1471 588 1536; x_wconf 85' lang='lat' dir='ltr'>semper</span> <span class='ocrx_word' id='word_1_72' title='bbox 600 1469 667 1514; x_wconf 84' lang='lat' dir='ltr'>ease</span> <span class='ocrx_word' id='word_1_73' title='bbox 681 1451 840 1516; x_wconf 83' lang='lat' dir='ltr'>miserum.</span> 
     </span>
     <span class='ocr_line' id='line_1_14' title="bbox 49 1533 939 1624; baseline 0.009 -30"><span class='ocrx_word' id='word_1_74' title='bbox 49 1533 161 1600; x_wconf 73' lang='lat' dir='ltr'>riano</span> <span class='ocrx_word' id='word_1_75' title='bbox 176 1535 341 1622; x_wconf 79' lang='lat' dir='ltr'>Antigone</span> <span class='ocrx_word' id='word_1_76' title='bbox 352 1535 515 1624; x_wconf 86' lang='lat' dir='ltr'>egregium</span> <span class='ocrx_word' id='word_1_77' title='bbox 530 1559 657 1623; x_wconf 82' lang='lat' dir='ltr'>germen</span> <span class='ocrx_word' id='word_1_78' title='bbox 672 1538 770 1623; x_wconf 90' lang='lat' dir='ltr'>patris</span> <span class='ocrx_word' id='word_1_79' title='bbox 783 1539 815 1602; x_wconf 94' lang='lat' dir='ltr'>in</span> <span class='ocrx_word' id='word_1_80' title='bbox 832 1537 939 1621; x_wconf 78' lang='lat' dir='ltr'>domn,</span> 
     </span>
     <span class='ocr_line' id='line_1_15' title="bbox 127 1620 849 1725; baseline 0.004 -39"><span class='ocrx_word' id='word_1_81' title='bbox 127 1620 302 1708; x_wconf 79' lang='lat' dir='ltr'>Postquam</span> <span class='ocrx_word' id='word_1_82' title='bbox 316 1633 348 1686; x_wconf 89' lang='lat' dir='ltr'>te</span> <span class='ocrx_word' id='word_1_83' title='bbox 362 1635 461 1688; x_wconf 88' lang='lat' dir='ltr'>mater</span> <span class='ocrx_word' id='word_1_84' title='bbox 474 1645 657 1712; x_wconf 84' lang='lat' dir='ltr'>gynoeceum</span> <span class='ocrx_word' id='word_1_85' title='bbox 675 1623 849 1725; x_wconf 76' lang='lat' dir='ltr'>relinquere</span> 
     </span>
     <span class='ocr_line' id='line_1_16' title="bbox 126 1708 1126 1857; baseline 0.001 -84"><span class='ocrx_word' id='word_1_86' title='bbox 126 1708 286 1857; x_wconf 55' lang='lat' dir='ltr'>Perrpiisit,</span> <span class='ocrx_word' id='word_1_87' title='bbox 303 1720 335 1773; x_wconf 89' lang='lat' dir='ltr'>et</span> <span class='ocrx_word' id='word_1_88' title='bbox 348 1708 380 1772; x_wconf 87' lang='lat' dir='ltr'>in</span> <span class='ocrx_word' id='word_1_89' title='bbox 403 1723 575 1774; x_wconf 84' lang='lat' dir='ltr'>extremam</span> <span class='ocrx_word' id='word_1_90' title='bbox 597 1712 865 1797; x_wconf 75' lang='lat' dir='ltr'>contignationem</span> <span class='ocrx_word' id='word_1_91' title='bbox 882 1709 997 1775; x_wconf 88' lang='lat' dir='ltr'>domus</span> <span class='ocrx_word' id='word_1_92' title='bbox 1019 1733 1126 1776; x_wconf 89' lang='lat' dir='ltr'>ascen·</span> 
     </span>
     <span class='ocr_line' id='line_1_17' title="bbox 234 1793 1123 1865; baseline 0.009 -8"><span class='ocrx_word' id='word_1_93' title='bbox 234 1793 284 1858; x_wconf 89' lang='lat' dir='ltr'>isti</span> <span class='ocrx_word' id='word_1_94' title='bbox 1034 1807 1036 1814; x_wconf 80' lang='lat'><em>&#39;</em></span> <span class='ocrx_word' id='word_1_95' title='bbox 1080 1807 1123 1865; x_wconf 86' lang='grc'>90</span> 
     </span>
     <span class='ocr_line' id='line_1_18' title="bbox 32 1839 1052 1969; baseline 0.001 -23"><span class='ocrx_word' id='word_1_96' title='bbox 32 1940 37 1958; x_wconf 90' lang='grc'><strong>,</strong></span> <span class='ocrx_word' id='word_1_97' title='bbox 127 1879 176 1946; x_wconf 90' lang='lat' dir='ltr'>Ut</span> <span class='ocrx_word' id='word_1_98' title='bbox 188 1839 297 1944; x_wconf 70' lang='lat' dir='ltr'>vidend</span> <span class='ocrx_word' id='word_1_99' title='bbox 311 1881 483 1946; x_wconf 84' lang='lat' dir='ltr'>exercitum</span> <span class='ocrx_word' id='word_1_100' title='bbox 498 1883 689 1969; x_wconf 87' lang='lat' dir='ltr'>Argivorum</span> <span class='ocrx_word' id='word_1_101' title='bbox 706 1894 837 1968; x_wconf 87' lang='lat' dir='ltr'>propter</span> <span class='ocrx_word' id='word_1_102' title='bbox 851 1904 959 1967; x_wconf 85' lang='lat' dir='ltr'>preces</span> <span class='ocrx_word' id='word_1_103' title='bbox 973 1895 1052 1962; x_wconf 81' lang='lat' dir='ltr'>tuas,</span> 
     </span>
     <span class='ocr_line' id='line_1_19' title="bbox 125 1965 737 2057; baseline 0.002 -26"><span class='ocrx_word' id='word_1_104' title='bbox 125 1965 284 2051; x_wconf 84' lang='lat' dir='ltr'>Expecta,</span> <span class='ocrx_word' id='word_1_105' title='bbox 299 1967 401 2032; x_wconf 89' lang='lat' dir='ltr'>donec</span> <span class='ocrx_word' id='word_1_106' title='bbox 415 1967 640 2057; x_wconf 85' lang='lat' dir='ltr'>investigavero</span> <span class='ocrx_word' id='word_1_107' title='bbox 654 1968 737 2032; x_wconf 83' lang='lat' dir='ltr'>viam</span> 
     </span>
     <span class='ocr_line' id='line_1_20' title="bbox 124 2051 678 2140; baseline 0.004 -24"><span class='ocrx_word' id='word_1_108' title='bbox 124 2051 178 2116; x_wconf 89' lang='lat' dir='ltr'>Ne</span> <span class='ocrx_word' id='word_1_109' title='bbox 191 2051 262 2139; x_wconf 88' lang='lat' dir='ltr'>quia</span> <span class='ocrx_word' id='word_1_110' title='bbox 275 2052 389 2117; x_wconf 84' lang='lat' dir='ltr'>civium</span> <span class='ocrx_word' id='word_1_111' title='bbox 404 2053 437 2118; x_wconf 92' lang='lat' dir='ltr'>in</span> <span class='ocrx_word' id='word_1_112' title='bbox 453 2055 503 2118; x_wconf 89' lang='lat' dir='ltr'>via</span> <span class='ocrx_word' id='word_1_113' title='bbox 517 2067 678 2140; x_wconf 86' lang='lat' dir='ltr'>appareat,</span> 
     </span>
     <span class='ocr_line' id='line_1_21' title="bbox 126 2137 886 2226; baseline 0.001 -23"><span class='ocrx_word' id='word_1_114' title='bbox 126 2137 171 2203; x_wconf 87' lang='lat' dir='ltr'>Et</span> <span class='ocrx_word' id='word_1_115' title='bbox 185 2137 275 2216; x_wconf 89' lang='lat' dir='ltr'>mihi,</span> <span class='ocrx_word' id='word_1_116' title='bbox 291 2153 328 2204; x_wconf 90' lang='lat' dir='ltr'>ut</span> <span class='ocrx_word' id='word_1_117' title='bbox 341 2159 443 2220; x_wconf 87' lang='lat' dir='ltr'>servo,</span> <span class='ocrx_word' id='word_1_118' title='bbox 459 2141 561 2204; x_wconf 85' lang='lat' dir='ltr'>veniat</span> <span class='ocrx_word' id='word_1_119' title='bbox 577 2139 658 2205; x_wconf 88' lang='lat' dir='ltr'>mala</span> <span class='ocrx_word' id='word_1_120' title='bbox 672 2139 886 2226; x_wconf 87' lang='lat' dir='ltr'>reprehensio,</span> 
     </span>
     <span class='ocr_line' id='line_1_22' title="bbox 125 2224 1235 2376; baseline 0.003 -87"><span class='ocrx_word' id='word_1_121' title='bbox 125 2224 428 2376; x_wconf 66' lang='lat' dir='ltr'>Tibiqduetanquam</span> <span class='ocrx_word' id='word_1_122' title='bbox 444 2228 579 2316; x_wconf 83' lang='lat' dir='ltr'>reglnoe:</span> <span class='ocrx_word' id='word_1_123' title='bbox 603 2249 675 2292; x_wconf 86' lang='lat' dir='ltr'>cum</span> <span class='ocrx_word' id='word_1_124' title='bbox 687 2249 765 2292; x_wconf 85' lang='lat' dir='ltr'>vern</span> <span class='ocrx_word' id='word_1_125' title='bbox 775 2227 1003 2313; x_wconf 82' lang='lat' dir='ltr'>exploraverim</span> <span class='ocrx_word' id='word_1_126' title='bbox 1019 2228 1126 2292; x_wconf 88' lang='lat' dir='ltr'>omnia</span> <span class='ocrx_word' id='word_1_127' title='bbox 1231 2231 1235 2242; x_wconf 90' lang='lat'><em>&#39;</em></span> 
     </span>
     <span class='ocr_line' id='line_1_23' title="bbox 236 2333 315 2376; baseline 0.038 -2"><span class='ocrx_word' id='word_1_128' title='bbox 236 2333 315 2376; x_wconf 78' lang='lat' dir='ltr'>icam</span> 
     </span>
     <span class='ocr_line' id='line_1_24' title="bbox 125 2397 812 2487; baseline 0 -25"><span class='ocrx_word' id='word_1_129' title='bbox 125 2397 170 2463; x_wconf 88' lang='lat' dir='ltr'>Et</span> <span class='ocrx_word' id='word_1_130' title='bbox 183 2420 258 2485; x_wconf 80' lang='lat' dir='ltr'>quae</span> <span class='ocrx_word' id='word_1_131' title='bbox 276 2397 349 2476; x_wconf 90' lang='lat' dir='ltr'>vidi,</span> <span class='ocrx_word' id='word_1_132' title='bbox 365 2409 398 2462; x_wconf 87' lang='lat' dir='ltr'>et</span> <span class='ocrx_word' id='word_1_133' title='bbox 411 2417 484 2483; x_wconf 76' lang='lat' dir='ltr'>quae</span> <span class='ocrx_word' id='word_1_134' title='bbox 499 2398 604 2463; x_wconf 86' lang='lat' dir='ltr'>andivi</span> <span class='ocrx_word' id='word_1_135' title='bbox 619 2399 659 2464; x_wconf 88' lang='lat' dir='ltr'>ab</span> <span class='ocrx_word' id='word_1_136' title='bbox 676 2399 812 2487; x_wconf 82' lang='lat' dir='ltr'>Argivis,</span> 
     </span>
     <span class='ocr_line' id='line_1_25' title="bbox 123 2482 922 2572; baseline 0.001 -23"><span class='ocrx_word' id='word_1_137' title='bbox 123 2483 267 2561; x_wconf 85' lang='lat' dir='ltr'>Quando</span> <span class='ocrx_word' id='word_1_138' title='bbox 281 2485 351 2549; x_wconf 87' lang='lat' dir='ltr'>veni</span> <span class='ocrx_word' id='word_1_139' title='bbox 364 2483 466 2548; x_wconf 76' lang='lat' dir='ltr'>serena</span> <span class='ocrx_word' id='word_1_140' title='bbox 480 2482 569 2550; x_wconf 84' lang='lat' dir='ltr'>fratri</span> <span class='ocrx_word' id='word_1_141' title='bbox 584 2499 639 2552; x_wconf 87' lang='lat' dir='ltr'>tuo</span> <span class='ocrx_word' id='word_1_142' title='bbox 652 2485 749 2551; x_wconf 84' lang='lat' dir='ltr'>fidem</span> <span class='ocrx_word' id='word_1_143' title='bbox 763 2485 922 2572; x_wconf 87' lang='lat' dir='ltr'>publicam</span> 
     </span>
     <span class='ocr_line' id='line_1_26' title="bbox 124 2569 691 2647; baseline 0 -12"><span class='ocrx_word' id='word_1_144' title='bbox 124 2569 217 2636; x_wconf 87' lang='lat' dir='ltr'>Hinc</span> <span class='ocrx_word' id='word_1_145' title='bbox 231 2569 317 2647; x_wconf 91' lang='lat' dir='ltr'>illuc,</span> <span class='ocrx_word' id='word_1_146' title='bbox 329 2584 360 2635; x_wconf 91' lang='lat' dir='ltr'>et</span> <span class='ocrx_word' id='word_1_147' title='bbox 375 2570 438 2634; x_wconf 90' lang='lat' dir='ltr'>huc</span> <span class='ocrx_word' id='word_1_148' title='bbox 453 2591 560 2636; x_wconf 85' lang='lat' dir='ltr'>rursus</span> <span class='ocrx_word' id='word_1_149' title='bbox 574 2572 691 2638; x_wconf 88' lang='lat' dir='ltr'>abillo.</span> 
     </span>
     <span class='ocr_line' id='line_1_27' title="bbox 124 2656 1212 2746; baseline -0.001 -23"><span class='ocrx_word' id='word_1_150' title='bbox 124 2656 328 2723; x_wconf 88' lang='lat' dir='ltr'>Sed-nemo</span> <span class='ocrx_word' id='word_1_151' title='bbox 342 2657 457 2722; x_wconf 85' lang='lat' dir='ltr'>civium</span> <span class='ocrx_word' id='word_1_152' title='bbox 472 2661 704 2746; x_wconf 89' lang='lat' dir='ltr'>appropinquat</span> <span class='ocrx_word' id='word_1_153' title='bbox 717 2658 767 2722; x_wconf 88' lang='lat' dir='ltr'>hia</span> <span class='ocrx_word' id='word_1_154' title='bbox 781 2657 903 2722; x_wconf 78' lang='lat' dir='ltr'>aedibus</span> <span class='ocrx_word' id='word_1_155' title='bbox 912 2683 966 2722; x_wconf 83' lang='lat'>:—</span> <span class='ocrx_word' id='word_1_156' title='bbox 1207 2721 1212 2736; x_wconf 70' lang='grc'><strong>,</strong></span> 
     </span>
     <span class='ocr_line' id='line_1_28' title="bbox 123 2743 1123 2830; baseline -0.001 -21"><span class='ocrx_word' id='word_1_157' title='bbox 123 2743 249 2829; x_wconf 86' lang='lat' dir='ltr'>Supera</span> <span class='ocrx_word' id='word_1_158' title='bbox 261 2743 395 2830; x_wconf 86' lang='lat' dir='ltr'>pedibus</span> <span class='ocrx_word' id='word_1_159' title='bbox 409 2755 528 2808; x_wconf 79' lang='lat' dir='ltr'>veteres</span> <span class='ocrx_word' id='word_1_160' title='bbox 543 2744 640 2810; x_wconf 79' lang='lat' dir='ltr'>scalas</span> <span class='ocrx_word' id='word_1_161' title='bbox 654 2767 694 2812; x_wconf 87' lang='lat' dir='ltr'>ex</span> <span class='ocrx_word' id='word_1_162' title='bbox 709 2745 805 2809; x_wconf 86' lang='lat' dir='ltr'>cedro</span> <span class='ocrx_word' id='word_1_163' title='bbox 819 2745 931 2821; x_wconf 81' lang='lat' dir='ltr'>factas3</span> <span class='ocrx_word' id='word_1_164' title='bbox 1062 2752 1123 2808; x_wconf 89' lang='grc'>100</span> 
     </span>
     <span class='ocr_line' id='line_1_29' title="bbox 123 2829 925 2915; baseline 0 -21"><span class='ocrx_word' id='word_1_165' title='bbox 123 2829 168 2894; x_wconf 86' lang='lat' dir='ltr'>Et</span> <span class='ocrx_word' id='word_1_166' title='bbox 182 2829 347 2894; x_wconf 83' lang='lat' dir='ltr'>considera</span> <span class='ocrx_word' id='word_1_167' title='bbox 361 2852 489 2915; x_wconf 87' lang='lat' dir='ltr'>campos</span> <span class='ocrx_word' id='word_1_168' title='bbox 504 2830 591 2896; x_wconf 89' lang='lat' dir='ltr'>etad</span> <span class='ocrx_word' id='word_1_169' title='bbox 608 2832 767 2910; x_wconf 82' lang='lat' dir='ltr'>Ismenunr</span> <span class='ocrx_word' id='word_1_170' title='bbox 782 2829 925 2908; x_wconf 87' lang='lat' dir='ltr'>fluvium,</span> 
     </span>
     <span class='ocr_line' id='line_1_30' title="bbox 122 2915 922 3016; baseline 0 -36"><span class='ocrx_word' id='word_1_171' title='bbox 122 2915 166 2980; x_wconf 90' lang='lat' dir='ltr'>Et</span> <span class='ocrx_word' id='word_1_172' title='bbox 179 2915 300 2984; x_wconf 86' lang='lat' dir='ltr'>fontem</span> <span class='ocrx_word' id='word_1_173' title='bbox 315 2917 439 2993; x_wconf 82' lang='lat' dir='ltr'>Dirces,</span> <span class='ocrx_word' id='word_1_174' title='bbox 454 2931 591 3016; x_wconf 78' lang='lat' dir='ltr'>quantus</span> <span class='ocrx_word' id='word_1_175' title='bbox 604 2919 759 2984; x_wconf 84' lang='lat' dir='ltr'>exercitus</span> <span class='ocrx_word' id='word_1_176' title='bbox 773 2916 922 2982; x_wconf 89' lang='lat' dir='ltr'>hostium.</span> 
     </span>
     <span class='ocr_line' id='line_1_31' title="bbox 32 3001 781 3091; baseline 0.007 -30"><span class='ocrx_word' id='word_1_177' title='bbox 32 3021 112 3065; x_wconf 75' lang='lat' dir='ltr'>aar.</span> <span class='ocrx_word' id='word_1_178' title='bbox 122 3001 257 3091; x_wconf 91' lang='lat' dir='ltr'>Porrige</span> <span class='ocrx_word' id='word_1_179' title='bbox 270 3024 367 3080; x_wconf 91' lang='lat' dir='ltr'>nunc,</span> <span class='ocrx_word' id='word_1_180' title='bbox 383 3011 511 3088; x_wconf 82' lang='lat' dir='ltr'>p&#39;orrrge</span> <span class='ocrx_word' id='word_1_181' title='bbox 524 3004 651 3070; x_wconf 81' lang='lat' dir='ltr'>senilem</span> <span class='ocrx_word' id='word_1_182' title='bbox 667 3005 781 3070; x_wconf 87' lang='lat' dir='ltr'>Juveni</span> 
     </span>
     <span class='ocr_line' id='line_1_32' title="bbox 122 3087 964 3176; baseline -0.002 -22"><span class='ocrx_word' id='word_1_183' title='bbox 122 3087 260 3154; x_wconf 89' lang='lat' dir='ltr'>Manum</span> <span class='ocrx_word' id='word_1_184' title='bbox 277 3089 317 3153; x_wconf 91' lang='lat' dir='ltr'>de</span> <span class='ocrx_word' id='word_1_185' title='bbox 328 3087 489 3176; x_wconf 86' lang='lat' dir='ltr'>gradibus,</span> <span class='ocrx_word' id='word_1_186' title='bbox 505 3089 669 3157; x_wconf 81' lang='lat' dir='ltr'>sublevans</span> <span class='ocrx_word' id='word_1_187' title='bbox 683 3090 850 3175; x_wconf 85' lang='lat' dir='ltr'>vestigium</span> <span class='ocrx_word' id='word_1_188' title='bbox 866 3088 964 3174; x_wconf 82' lang='lat' dir='ltr'>pedis.</span> 
     </span>
     <span class='ocr_line' id='line_1_33' title="bbox 27 3173 1000 3277; baseline 0.002 -42"><span class='ocrx_word' id='word_1_189' title='bbox 27 3175 216 3254; x_wconf 74' lang='lat' dir='ltr'>rmnAEcce,</span> <span class='ocrx_word' id='word_1_190' title='bbox 227 3177 329 3277; x_wconf 87' lang='lat' dir='ltr'>junge</span> <span class='ocrx_word' id='word_1_191' title='bbox 344 3197 483 3254; x_wconf 89' lang='lat' dir='ltr'>manum,</span> <span class='ocrx_word' id='word_1_192' title='bbox 498 3177 605 3265; x_wconf 78' lang='lat' dir='ltr'>virgo:</span> <span class='ocrx_word' id='word_1_193' title='bbox 628 3191 808 3264; x_wconf 86' lang='lat' dir='ltr'>opportune</span> <span class='ocrx_word' id='word_1_194' title='bbox 819 3173 1000 3250; x_wconf 75' lang='lat' dir='ltr'>mcendiati3</span> 
     </span>
     <span class='ocr_line' id='line_1_34' title="bbox 122 3261 585 3352; baseline 0.006 -26"><span class='ocrx_word' id='word_1_195' title='bbox 122 3261 236 3326; x_wconf 88' lang='lat' dir='ltr'>Motus</span> <span class='ocrx_word' id='word_1_196' title='bbox 250 3283 335 3327; x_wconf 91' lang='lat' dir='ltr'>erum</span> <span class='ocrx_word' id='word_1_197' title='bbox 350 3274 395 3327; x_wconf 85' lang='lat' dir='ltr'>est</span> <span class='ocrx_word' id='word_1_198' title='bbox 411 3262 585 3352; x_wconf 83' lang='lat' dir='ltr'>Pelasgicos</span> 
     </span>
     <span class='ocr_line' id='line_1_35' title="bbox 121 3347 911 3432; baseline -0.001 -19"><span class='ocrx_word' id='word_1_199' title='bbox 121 3347 303 3430; x_wconf 81' lang='lat' dir='ltr'>Exercitus,</span> <span class='ocrx_word' id='word_1_200' title='bbox 319 3361 350 3414; x_wconf 92' lang='lat' dir='ltr'>et</span> <span class='ocrx_word' id='word_1_201' title='bbox 363 3365 511 3432; x_wconf 85' lang='lat' dir='ltr'>separant</span> <span class='ocrx_word' id='word_1_202' title='bbox 524 3373 543 3414; x_wconf 84' lang='lat' dir='ltr'>a</span> <span class='ocrx_word' id='word_1_203' title='bbox 558 3351 738 3416; x_wconf 86' lang='lat' dir='ltr'>seinvicem</span> <span class='ocrx_word' id='word_1_204' title='bbox 754 3348 911 3414; x_wconf 83' lang='lat' dir='ltr'>cohortes.</span> 
     </span>
     <span class='ocr_line' id='line_1_36' title="bbox 23 3433 574 3502; baseline 0.011 -6"><span class='ocrx_word' id='word_1_205' title='bbox 23 3435 154 3501; x_wconf 73' lang='lat' dir='ltr'>aur-O</span> <span class='ocrx_word' id='word_1_206' title='bbox 168 3437 348 3500; x_wconf 82' lang='lat' dir='ltr'>veneranda</span> <span class='ocrx_word' id='word_1_207' title='bbox 360 3433 426 3499; x_wconf 87' lang='lat' dir='ltr'>filia</span> <span class='ocrx_word' id='word_1_208' title='bbox 439 3437 574 3502; x_wconf 76' lang='lat' dir='ltr'>latonae</span> 
     </span>
     <span class='ocr_line' id='line_1_37' title="bbox 121 3520 483 3600; baseline -0.003 -14"><span class='ocrx_word' id='word_1_209' title='bbox 121 3520 259 3600; x_wconf 83' lang='lat' dir='ltr'>Hecate,</span> <span class='ocrx_word' id='word_1_210' title='bbox 275 3541 383 3586; x_wconf 83' lang='lat' dir='ltr'>oeneua</span> <span class='ocrx_word' id='word_1_211' title='bbox 398 3533 483 3588; x_wconf 86' lang='lat' dir='ltr'>totus</span> 
     </span>
     <span class='ocr_line' id='line_1_38' title="bbox 121 3607 1122 3694; baseline -0.006 -21"><span class='ocrx_word' id='word_1_212' title='bbox 121 3607 265 3694; x_wconf 84' lang='lat' dir='ltr'>Campus</span> <span class='ocrx_word' id='word_1_213' title='bbox 277 3607 428 3694; x_wconf 83' lang='lat' dir='ltr'>fulgurat.</span> <span class='ocrx_word' id='word_1_214' title='bbox 1061 3609 1122 3667; x_wconf 85' lang='lat'>110</span> 
     </span>
     <span class='ocr_line' id='line_1_39' title="bbox 19 3689 1023 3776; baseline -0.004 -18"><span class='ocrx_word' id='word_1_215' title='bbox 19 3693 200 3760; x_wconf 64' lang='lat' dir='ltr'>ramNon</span> <span class='ocrx_word' id='word_1_216' title='bbox 215 3696 353 3761; x_wconf 86' lang='lat' dir='ltr'>tenuiter</span> <span class='ocrx_word' id='word_1_217' title='bbox 367 3695 450 3760; x_wconf 89' lang='lat' dir='ltr'>enirn</span> <span class='ocrx_word' id='word_1_218' title='bbox 467 3694 599 3760; x_wconf 84' lang='lat' dir='ltr'>venitin</span> <span class='ocrx_word' id='word_1_219' title='bbox 613 3693 695 3758; x_wconf 91' lang='lat' dir='ltr'>hanc</span> <span class='ocrx_word' id='word_1_220' title='bbox 710 3706 826 3759; x_wconf 88' lang='lat' dir='ltr'>terram</span> <span class='ocrx_word' id='word_1_221' title='bbox 845 3689 1023 3776; x_wconf 75' lang='lat' dir='ltr'>Polynices,</span> 
     </span>
     <span class='ocr_line' id='line_1_40' title="bbox 115 3779 911 3933; baseline -0.008 -86"><span class='ocrx_word' id='word_1_222' title='bbox 115 3779 415 3933; x_wconf 40' lang='lat' dir='ltr'>fflqfflffiffl&#39;</span> <span class='ocrx_word' id='word_1_223' title='bbox 426 3793 462 3931; x_wconf 78' lang='lat' dir='ltr'>pt</span> <span class='ocrx_word' id='word_1_224' title='bbox 475 3780 582 3932; x_wconf 66' lang='lat' dir='ltr'>apullia</span> <span class='ocrx_word' id='word_1_225' title='bbox 596 3780 713 3866; x_wconf 86' lang='lat' dir='ltr'>clypeis</span> <span class='ocrx_word' id='word_1_226' title='bbox 728 3794 879 3863; x_wconf 88' lang='lat' dir='ltr'>strepens.</span> <span class='ocrx_word' id='word_1_227' title='bbox 902 3869 911 3890; x_wconf 20' lang='grc' dir='ltr'>ἣ</span> 
     </span>
     <span class='ocr_line' id='line_1_41' title="bbox 14 3887 550 3934; baseline -0.002 0"><span class='ocrx_word' id='word_1_228' title='bbox 14 3887 110 3934; x_wconf 73' lang='lat' dir='ltr'>m.</span> <span class='ocrx_word' id='word_1_229' title='bbox 155 3889 198 3932; x_wconf 94' lang='lat' dir='ltr'>un</span> <span class='ocrx_word' id='word_1_230' title='bbox 223 3889 254 3932; x_wconf 86' lang='lat' dir='ltr'>ur</span> <span class='ocrx_word' id='word_1_231' title='bbox 407 3889 493 3933; x_wconf 85' lang='lat' dir='ltr'>caus</span> <span class='ocrx_word' id='word_1_232' title='bbox 507 3887 550 3932; x_wconf 78' lang='lat' dir='ltr'>rra</span> 
     </span>
     <span class='ocr_line' id='line_1_42' title="bbox 114 3889 646 4041; baseline 0.004 -23"><span class='ocrx_word' id='word_1_233' title='bbox 114 3890 279 4041; x_wconf 74' lang='lat' dir='ltr'>AEneique</span> <span class='ocrx_word' id='word_1_234' title='bbox 290 3889 396 4019; x_wconf 59' lang='lat' dir='ltr'>lieres</span> <span class='ocrx_word' id='word_1_235' title='bbox 642 4003 646 4012; x_wconf 86' lang='lat'>.</span> 
     </span>
     <span class='ocr_line' id='line_1_43' title="bbox 117 4039 600 4126; baseline -0.004 -20"><span class='ocrx_word' id='word_1_236' title='bbox 117 4040 234 4106; x_wconf 69' lang='lat' dir='ltr'>saxeis</span> <span class='ocrx_word' id='word_1_237' title='bbox 248 4039 438 4126; x_wconf 80' lang='lat' dir='ltr'>Amphionis</span> <span class='ocrx_word' id='word_1_238' title='bbox 451 4039 600 4126; x_wconf 80' lang='lat' dir='ltr'>operibus</span> 
     </span>
     <span class='ocr_line' id='line_1_44' title="bbox 117 4125 893 4213; baseline -0.003 -21"><span class='ocrx_word' id='word_1_239' title='bbox 117 4125 215 4192; x_wconf 85' lang='lat' dir='ltr'>Muri</span> <span class='ocrx_word' id='word_1_240' title='bbox 230 4129 369 4213; x_wconf 89' lang='lat' dir='ltr'>coaptati</span> <span class='ocrx_word' id='word_1_241' title='bbox 384 4131 480 4194; x_wconf 80' lang='lat' dir='ltr'>sunt?</span> <span class='ocrx_word' id='word_1_242' title='bbox 681 4159 692 4190; x_wconf 63' lang='lat' dir='ltr'>a</span> <span class='ocrx_word' id='word_1_243' title='bbox 887 4163 893 4168; x_wconf 91' lang='lat'>-</span> 
     </span>
     <span class='ocr_line' id='line_1_45' title="bbox 12 4203 1078 4300; baseline -0.014 -18"><span class='ocrx_word' id='word_1_244' title='bbox 12 4213 276 4282; x_wconf 68' lang='lat' dir='ltr'>mmconfide:</span> <span class='ocrx_word' id='word_1_245' title='bbox 300 4213 386 4300; x_wconf 90' lang='lat' dir='ltr'>qnod</span> <span class='ocrx_word' id='word_1_246' title='bbox 399 4213 549 4280; x_wconf 88' lang='lat' dir='ltr'>interiora</span> <span class='ocrx_word' id='word_1_247' title='bbox 562 4212 686 4290; x_wconf 82' lang='lat' dir='ltr'>attinet,</span> <span class='ocrx_word' id='word_1_248' title='bbox 697 4211 778 4276; x_wconf 84' lang='lat' dir='ltr'>bene</span> <span class='ocrx_word' id='word_1_249' title='bbox 791 4208 915 4274; x_wconf 89' lang='lat' dir='ltr'>munita</span> <span class='ocrx_word' id='word_1_250' title='bbox 925 4217 973 4272; x_wconf 86' lang='lat' dir='ltr'>est</span> <span class='ocrx_word' id='word_1_251' title='bbox 986 4203 1078 4272; x_wconf 84' lang='lat' dir='ltr'>urbs:</span> 
     </span>
     <span class='ocr_line' id='line_1_46' title="bbox 116 4298 1092 4386; baseline -0.008 -19"><span class='ocrx_word' id='word_1_252' title='bbox 116 4299 186 4367; x_wconf 87' lang='lat' dir='ltr'>Sed</span> <span class='ocrx_word' id='word_1_253' title='bbox 201 4300 273 4366; x_wconf 87' lang='lat' dir='ltr'>vide</span> <span class='ocrx_word' id='word_1_254' title='bbox 287 4301 437 4386; x_wconf 86' lang='lat' dir='ltr'>primum,</span> <span class='ocrx_word' id='word_1_255' title='bbox 453 4301 479 4365; x_wconf 84' lang='lat' dir='ltr'>si</span> <span class='ocrx_word' id='word_1_256' title='bbox 493 4301 539 4364; x_wconf 83' lang='lat' dir='ltr'>via</span> <span class='ocrx_word' id='word_1_257' title='bbox 553 4300 633 4364; x_wconf 84' lang='lat' dir='ltr'>scire</span> <span class='ocrx_word' id='word_1_258' title='bbox 646 4298 716 4386; x_wconf 83' lang='lat' dir='ltr'>quis</span> <span class='ocrx_word' id='word_1_259' title='bbox 731 4299 779 4362; x_wconf 89' lang='lat' dir='ltr'>sit.</span> <span class='ocrx_word' id='word_1_260' title='bbox 1087 4323 1092 4328; x_wconf 95' lang='lat'>·</span> 
     </span>
     <span class='ocr_line' id='line_1_47' title="bbox 578 4406 601 4448; baseline 0 0"><span class='ocrx_word' id='word_1_261' title='bbox 578 4406 601 4448; x_wconf 83' lang='lat' dir='ltr'>o</span> 
     </span>
    </p>
   </div>
   <div class='ocr_carea' id='block_1_3' title="bbox 0 0 1416 4860">
    <p class='ocr_par' dir='ltr' id='par_1_3' title="bbox 0 0 1416 4860">
     <span class='ocr_line' id='line_1_48' title="bbox 0 0 1416 4860; baseline 0 8"><span class='ocrx_word' id='word_1_262' title='bbox 0 0 1416 4860; x_wconf 95' lang='lat' dir='ltr'> </span> 
     </span>
    </p>
   </div>
  </div>
 </body>
</html>
