2882 4858
271 229 335 289 588
648 217 975 288 EURIPIDIS

358 393 442 470 Tibi,
459 390 492 458 0
506 389 550 454 fili
566 389 711 468 Latonae,
728 391 1001 478 reprehensionem

363 479 478 544 Coram
491 475 553 542 bac
566 475 637 542 luce
651 475 767 542 dicam.

362 563 485 631 Venisti
500 561 580 628 mibi
594 583 673 628 auro
686 581 809 628 oomam

364 651 393 717 F
394 649 513 738 uigens,
529 648 658 736 quaudo
672 649 705 712 in
721 649 808 712 riuus

364 737 607 825 Croceeflorum
620 733 696 800 lolia
708 733 846 804 vestibus
859 731 1066 820 deoerpelmm

364 822 598 888 Ornamentum
613 821 682 886 auri
696 819 895 905 splendorem
908 819 1082 885 amulone:

365 907 517 973 candidio
531 920 635 972 antem
648 905 807 970 inboereua
820 904 973 971 fructibus

365 993 523 1060 Mannum
540 994 572 1058 in
587 992 670 1058 antri
683 989 800 1057 cubilia

366 1080 546 1145 Clamorem
560 1099 623 1162 me,
639 1076 672 1144 0
685 1091 795 1156 mater,
810 1075 996 1143 clamantem

367 1165 458 1230 Deus
472 1178 632 1249 stuprator

367 1251 485 1316 Veneri
498 1249 689 1338 gratificans,

368 1337 517 1402 Dueebaa
529 1335 740 1423 impudenter.

456 1443 531 1487 vero
545 1421 654 1487 infelix
668 1423 759 1507 pario
772 1419 830 1486 tibi

369 1508 398 1574 F
420 1507 498 1590 inm,
513 1529 607 1595 quem
622 1521 708 1572 metu
722 1507 832 1572 matria

369 1594 408 1659 In
424 1607 551 1660 antrum
563 1595 681 1680 projeci
694 1607 796 1672 tuum,

370 1679 437 1746 Ubi
451 1702 502 1745 me
516 1683 575 1746 narb
588 1679 675 1745 lectis
688 1680 832 1745 miseram
848 1677 968 1743 minaria

369 1767 509 1832 Junxiati
522 1763 684 1831 infelicem

372 1852 436 1918 Hei
453 1851 533 1916 mibi
547 1849 646 1916 mihil
671 1850 716 1917 Et
729 1871 814 1918 nnuc
827 1849 922 1935 periit

253 1995 256 2002 .
369 1935 595 2004 Avolucribua
608 1937 750 2040 direptae
764 1959 835 2002 eaoa

374 2023 469 2088 Meua
483 2025 542 2108 (et)
557 2035 630 2089 tuua
643 2045 738 2088 mrrer
751 2021 834 2088 liliua
849 2023 868 2060 ’
884 2025 903 2063 l

543 2111 562 2148 0
650 2111 667 2148 Ι
754 2110 774 2147 0

373 2193 425 2258 Tu
441 2215 516 2260 vero
529 2195 655 2261 interim
669 2194 790 2260 cithara
804 2193 922 2282 clangis

374 2279 507 2346 Peranna
520 2302 647 2348 nenena.

375 2363 468 2431 Ohel
497 2367 646 2446 Tefilium
661 2365 794 2432 Latonae
808 2365 961 2455 alloquor,

374 2450 441 2528 Qui
455 2453 583 2517 oracula
595 2475 653 2538 per
664 2467 763 2518 sortes
777 2454 850 2530 edit,

374 2538 478 2621 Super
492 2559 588 2622 aurea
601 2537 710 2603 redilia
724 2551 756 2602 et
769 2541 802 2604 in

372 2623 483 2688 Terre
496 2623 606 2688 mediis
620 2623 765 2690 oedibus:

378 2709 451 2774 Ilbi
464 2731 572 2775 vocem
589 2711 621 2774 in
636 2731 744 2776 aurem
759 2709 895 2774 sonabo:

376 2793 453 2859 Heu
464 2792 472 2859 Ι
496 2795 640 2879 improbe
653 2793 849 2872 concubitor,

375 2879 442 2956 Qui
456 2903 528 2946 meo
541 2883 666 2968 quidem
683 2882 797 2946 marito

375 2966 460 3030 Cum
474 2966 661 3032 beneficium
677 2965 798 3031 nullum
813 2969 852 3030 nb
863 2989 898 3030 eo
911 2967 998 3051 priua
1013 2967 1179 3054 acceperis,

376 3051 493 3117 Filium
508 3053 540 3116 in
556 3045 640 3118 mileu
653 3051 875 3117 deduoendum
889 3052 1019 3118 dedistir

376 3135 471 3202 Meua
483 3159 560 3202 vero
573 3151 606 3203 et
619 3152 691 3204 tuna
705 3137 787 3202 filius
802 3139 928 3226 ignotus

377 3221 477 3288 Periit
490 3223 639 3310 abrepto·
652 3247 673 3289 a
686 3223 865 3290 volucribus

377 3307 526 3393 Propriae
539 3308 649 3376 fenim
659 3309 768 3374 matria

375 3394 565 3462 Cruentaaa.

374 3479 636 3548 Odiobabeatte
651 3481 752 3548 Delus
764 3495 797 3548 et
811 3481 892 3547 lauri
1311 3489 1376 3548 99)

376 3565 470 3631 Rami
480 3567 575 3653 juxta
587 3566 724 3652 palmam
739 3567 1126 3654 molli-coma-prnditam,

375 3649 442 3718 Ubi
455 3651 564 3718 laetum
578 3652 789 3719 venerandum
804 3655 941 3740 auacepit

375 3736 425 3802 Te
439 3737 565 3804 Latona
577 3737 691 3804 divinia
704 3737 861 3805 manibua

288 3843 366 3890 cuo.
377 3822 444 3888 Hei
457 3823 547 3902 mihi,
562 3846 656 3913 quam
672 3847 807 3914 magnus
821 3825 987 3892 thesaurus
1000 3827 1140 3912 aperitur

376 3908 549 3988 Malorum,
563 3924 694 3996 propter
709 3933 782 3999 qum
795 3911 928 3999 quilibet
942 3912 1097 3978 emitteret
1111 3909 1286 4000 lrerymml

289 4015 363 4062 ern.
376 3993 409 4061 0
422 3995 498 4074 fllia,
512 4018 578 4062 non
592 4017 719 4083 pomum
732 3998 839 4064 satiari
853 3999 976 4064 lotuena
990 4013 1077 4064 tuam

375 4081 510 4160 Faciem,
524 4096 678 4170 extraque
691 4097 827 4148 mentem
842 4105 945 4150 meam
959 4105 1040 4152 aum.

376 4165 626 4236 Exhaurlentem
641 4169 726 4236 enim
740 4193 786 4236 rae
800 4191 887 4236 onoc
900 4171 1202 4238 lluetummalorum
1216 4171 1336 4250 auimo,

374 4254 406 4319 A
419 4256 520 4346 puppi
535 4255 642 4322 obruit
656 4277 708 4322 me
721 4255 800 4322 aliua
801 4258 922 4345 fictur
936 4281 957 4324 a
970 4257 1032 4324 luia
1046 4257 1159 4340 verbio,
