2824 4860
447 208 729 280 ORESTES
1100 221 1140 284 m

68 405 125 452 ιιι.
149 384 212 452 Sed
229 385 458 472 congaudens,
474 386 536 452 nisi
550 384 696 473 effingeria
709 384 775 450 alis.
790 383 792 388 ’

68 492 138 538 orn.
148 471 224 537 Non
237 470 443 558 effugiemus:
466 474 519 538 sed
532 471 796 537 inflammabimus
809 469 893 536 tedes
906 470 989 559 igne.

68 577 123 622 uc.
146 559 202 624 An
216 579 292 623 vero
301 557 436 624 vastabis
448 558 506 624 has
519 557 603 624 redes
616 554 784 643 paternas?
1062 567 1145 626 1590

68 665 139 709 one.
150 643 200 710 Ut
212 666 253 709 ne
266 657 301 710 tu
315 667 368 710 ees
383 645 508 726 babeas,
521 644 605 710 hanc
618 646 747 728 insuper
759 655 930 709 mactantes
942 643 984 708 acl
999 644 1117 731 ignem.

69 750 125 795 ran.
151 729 1144 817 loterfice,quiainterficiensquidemdabishorummibipoenas.

69 837 138 881 oen.
149 817 202 883 Sic
216 818 287 882 erit.
330 837 391 882 rra.
415 817 503 895 Heu,
517 817 591 895 heu,
606 837 804 904 nequaquam
820 815 915 882 facias
929 817 1001 883 hoc.

70 923 138 966 cnr.
148 903 236 968 Tace
247 925 351 970 nunes
373 917 405 969 et
418 904 537 969 sustine
545 906 630 989 juste
643 901 759 968 faciens
772 902 865 969 mule.

71 1009 126 1053 un.
149 990 204 1054 An
213 991 335 1075 justum
349 1005 396 1058 est
409 1003 440 1056 te
454 984 580 1054 vivere?
622 1010 700 1055 ona.
723 989 768 1055 Ει
779 990 935 1076 imperare
948 991 981 1054 in
995 1002 1088 1055 terre.
1122 1015 1128 1038 .

71 1093 126 1140 rm.
151 1075 251 1152 Qua?
291 1097 369 1142 one.
390 1077 485 1164 Argis
498 1076 552 1141 hic
567 1075 745 1164 Pelasgicis.

71 1181 125 1226 rsa.
149 1163 248 1227 Recte
260 1163 358 1250 igitur
371 1164 508 1250 attingas
521 1185 635 1249 aquam
648 1162 865 1228 lustralem-
884 1181 961 1226 one.
978 1161 1046 1227 Cur
1059 1161 1147 1228 noo?

71 1267 127 1312 uu.
151 1249 197 1315 Et
209 1248 322 1316 offeres
337 1249 455 1315 hostias
468 1261 542 1314 ante
554 1269 705 1338 pugnam.
734 1269 788 1313 oa.
811 1247 865 1312 Tu
878 1260 982 1314 autem
995 1247 1149 1314 honeste?

72 1354 126 1399 na.
150 1335 267 1402 Habeo
280 1335 365 1400 enim
378 1357 475 1421 paras
488 1357 610 1400 manus.
653 1355 733 1400 oon.
757 1333 821 1400 Sed
833 1355 899 1399 non
912 1345 1060 1399 mentem.

72 1441 125 1485 me
149 1423 228 1494 Quis
242 1433 273 1486 te
288 1419 523 1510 alloqueretur?
558 1441 633 1487 ona.
653 1421 844 1508 Quicunque
858 1438 905 1485 est
919 1441 1027 1486 amans
1039 1420 1147 1506 patris.

71 1526 127 1572 na.
149 1507 217 1584 Qui
230 1520 336 1572 autem
350 1509 486 1574 honorat
501 1505 660 1574 matrem?
702 1527 781 1572 ona.
791 1557 793 1564 .
803 1505 862 1572 Est
875 1505 957 1572 felix.
1065 1515 1142 1572 1601

72 1613 129 1658 stc.
152 1592 206 1658 Tu
220 1608 325 1659 autern
340 1615 417 1659 non.
460 1614 538 1659 one.
560 1593 648 1669 Quia
660 1615 726 1658 non
739 1592 867 1678 placent
879 1594 956 1658 miti
967 1592 1068 1657 malse

73 1699 129 1744 ua.
153 1683 277 1748 Amore
290 1701 395 1744 ensem
409 1702 430 1745 a
443 1679 518 1744 filia.
562 1699 638 1744 can.
662 1677 864 1744 Mendaxes.

73 1785 129 1831 rte.
151 1769 210 1832 Ast
222 1765 391 1832 interficies
404 1787 506 1831 meam
520 1763 644 1830 filiam?
686 1785 777 1831 oen„
787 1765 859 1829 Jam
874 1785 940 1829 non
954 1787 987 1828 es
1000 1762 1148 1832 mendax.

73 1873 129 1917 ne.
153 1854 220 1918 Hei
246 1851 333 1930 mihi,
361 1852 438 1940 quid
463 1850 601 1916 faciam?
653 1871 730 1916 one.
763 1850 922 1916 Persuade
945 1850 987 1914 ad
1012 1850 1148 1938 Argivos

236 1939 481 2024 proficiscens-

75 2045 130 2092 aar.
151 2026 261 2103 Quam
275 2022 462 2090 suadelam?
505 2044 582 2089 one.
604 2024 682 2088 Pete
695 2045 716 2088 a
729 2023 862 2101 civitate,
876 2045 917 2088 ne
931 2044 989 2088 nos
1004 2021 1138 2088 occidat.

75 2131 131 2178 nm.
153 2113 222 2178 Aut
234 2111 331 2176 filiam
345 2131 448 2176 meam
461 2109 664 2178 interficietis.
708 2129 784 2174 one·
807 2109 860 2175 Sic
871 2131 919 2174 res
933 2131 967 2174 se
980 2109 1109 2174 babent.

77 2217 133 2262 ssa.
153 2199 185 2264 Ο
199 2199 314 2263 misem
331 2197 497 2262 Helena—
521 2217 596 2261 one.
617 2197 672 2262 An
685 2217 829 2260 meceres
842 2217 907 2262 non
918 2208 992 2261 sunt
1004 2193 1151 2260 miseras?

78 2303 134 2350 nn
155 2285 277 2352 Advexi
300 2283 358 2348 tibi
381 2283 541 2432 vi'ctinram
566 2303 607 2347 ex
635 2281 855 2370 Phrygibus-
908 2301 985 2347 one.
1018 2281 1159 2348 Utinam

240 2370 303 2434 hoc
317 2383 397 2435 esset

77 2475 134 2522 tm.
158 2457 321 2524 Sustinens
334 2456 458 2522 labores
471 2477 615 2546 memrot.
652 2475 729 2522 ona.
753 2455 829 2520 Non
843 2477 913 2521 mea
926 2467 1031 2522 tamen
1048 2477 1151 2521 causa.

78 2561 135 2608 rto.
158 2543 280 2608 Acerba
291 2562 496 2630 persuasum.
540 2562 615 2607 ona.
638 2541 733 2607 Tunc
745 2542 829 2606 enim
844 2565 914 2608 eras
927 2542 1056 2608 inutilia.
1071 2549 1148 2608 1611

78 2647 135 2694 rm.
157 2629 261 2695 Tenes
274 2651 338 2694 me.
382 2648 456 2693 one.
480 2628 535 2694 Tu
549 2629 657 2714 cepisti
671 2631 805 2711 teipsum
821 2648 893 2694 com
909 2630 949 2693 sis
964 2628 1075 2693 malus.

159 2717 222 2784 Sed
237 2717 298 2803 eja,
313 2714 450 2793 Electra,
464 2715 597 2780 incende
606 2715 683 2780 istas
697 2713 798 2778 mdes:

159 2801 202 2868 Et
216 2817 262 2879 tu,
280 2799 313 2867 O
327 2801 497 2866 certissime
509 2800 587 2864 mihi
601 2801 786 2877 amicorum,

159 2888 288 2978 Pylade,
302 2887 436 2952 incende
449 2899 533 2952 tecta
545 2886 640 2972 hujus
653 2887 794 2972 parietis.

80 2993 136 3040 rm.
158 2975 190 3040 Ο
203 2989 290 3040 terra
303 2973 491 3038 Danaorum
505 2986 538 3038 et
550 2973 663 3038 incolae
712 2973 825 3039 uestris
838 2976 981 3063 Argeos,

159 3061 235 3126 Non
249 3072 372 3127 armato
384 3059 466 3144 pede
479 3081 572 3144 opem
587 2995 718 3125 feretilsl

161 3147 245 3212 Nam
259 3147 317 3210 iate
332 3145 396 3210 vim
409 3145 484 3210 facit
497 3145 556 3210 toti
570 3157 686 3210 nostras
699 3146 817 3211 civitati

161 3231 208 3300 Ut
222 3234 316 3309 vivat,
332 3253 404 3296 cum
419 3231 527 3297 lecerit
539 3231 782 3297 abominabilem
797 3230 915 3296 caedem
931 3228 1050 3294 matris.

80 3335 132 3382 nr.
161 3317 318 3394 Mnelse,
332 3317 446 3383 desiste
460 3337 559 3382 saevos
572 3319 700 3404 spiritus
712 3339 834 3407 gerens,
901 3349 905 3358 ⁴
1074 3321 1157 3383 1620

163 3403 233 3493 Ego
248 3403 387 3470 Phoebus
402 3403 537 3469 Latonae
551 3403 646 3482 lilius,
659 3405 760 3490 prope
774 3405 910 3470 existens
923 3413 956 3468 te
969 3423 1056 3481 voco,

162 3491 204 3556 Et
218 3505 263 3570 tu,
279 3489 335 3576 qui
349 3488 472 3555 adsidss
485 3503 624 3556 armatus
637 3491 688 3555 isti
701 3490 825 3575 puellus,

163 3577 302 3657 Orestes,
317 3587 354 3640 ιιι
367 3578 446 3642 scias
459 3597 556 3664 quarn
569 3577 744 3642 oraticnem
757 3577 903 3642 afferam:

165 3662 291 3728 Helena
304 3660 444 3748 quidem,
459 3683 555 3750 quam
569 3676 604 3728 tu
618 3663 748 3748 cupiens
761 3663 893 3748 perdere

165 3747 344 3814 Fmstratus
357 3769 402 3827 ea,
412 3749 510 3814 iratus
521 3747 681 3828 Menelao,
733 3772 738 3780 ·
1071 3827 1074 3834 1

165 3833 247 3899 Haec
260 3846 320 3916 est,
334 3855 430 3920 quam
446 3834 559 3900 videtis
572 3835 606 3900 in
618 3836 748 3902 sinubus
761 3835 851 3913 aeria,
948 3905 952 3912 ,

169 3921 297 3986 Servata
310 3932 343 3985 et
356 3943 422 3985 non
436 3921 600 3986 interfecte
613 3944 634 3987 a
647 3933 688 3987 te.

167 4005 236 4094 Ego
249 4008 351 4092 ipsam
366 4008 494 4085 servavi,
510 4020 543 4073 et
556 4010 596 4073 ab
610 4029 686 4074 ense

168 4091 241 4156 Tuo
253 4092 347 4180 rapui
356 4095 462 4194 iussus
474 4117 496 4158 a
509 4093 589 4159 Jove
601 4107 703 4180 patre.

168 4177 260 4258 Nam,
275 4177 424 4246 utfibasn
438 4180 536 4258 lovis,
550 4193 677 4266 oportet
686 4179 788 4244 vivere
802 4177 1022 4259 immortalem,
1080 4184 1162 4244 leno

169 4264 365 4354 Castorique,
375 4279 408 4334 et
423 4265 545 4334 Polluci
560 4267 592 4332 in
607 4265 737 4334 sinubus
751 4265 830 4332 aeris
