2828 4864
499 181 736 252 MEDAEA.
1102 193 1163 260 iss

27 365 29 440 1
162 355 225 428 &tl
237 377 356 434 snmus,
372 355 467 443 qnsle
480 379 600 439 sumus,
613 379 677 422 uon
693 357 797 426 dicem
813 360 942 439 molum,

165 445 331 512 lulisrest
354 464 420 508 non
437 444 532 532 igitur
545 457 671 530 oportet
685 458 717 510 te
728 446 844 510 imitari
859 448 968 526 melos,
1098 459 1163 519 880

165 531 273 619 Neque
286 529 462 596 obtendere
475 529 570 595 stulte
582 552 644 616 pro
657 531 768 596 stultis.

166 616 385 694 Concsdimus,
400 627 434 681 et
447 616 581 682 dicimus
595 638 653 682 nos
667 617 749 682 mele
761 620 892 686 sensisse

164 703 247 782 Hoc,
261 703 317 768 ssd
333 724 418 768 nuuc
433 701 544 768 melius
557 702 628 768 hoec
641 703 847 770 consideravi.

164 789 307 868 Olioeri,
323 787 429 870 liberi,
442 789 546 855 venite
558 787 633 868 huc,
648 789 816 877 relinquite
829 803 920 872 tecte,

164 875 265 955 Exire,
280 875 414 942 ulutate
427 889 459 940 ct
472 875 660 960 compellste

164 963 284 1030 runem
302 963 478 1042 nobiscum,
494 977 524 1026 et
539 963 784 1027 reconciliamini
798 962 891 1029 simul

164 1049 212 1116 Ex
248 1049 325 1114 riori
340 1049 416 1113 odio
428 1057 562 1131 suscepto
576 1050 723 1114 adversus
737 1049 864 1129 amicos,
880 1073 953 1116 cum
968 1065 1087 1118 metr-er

164 1071 279 1202 Pergus
293 1135 379 1199 enim
393 1148 441 1198 est
454 1133 555 1210 nobis,
570 1147 602 1200 et
616 1139 712 1200 omnis
726 1137 852 1202 recessit
864 1138 921 1202 irs.

166 1219 351 1288 Prehmdite
364 1241 494 1284 menum
510 1219 672 1285 desuem:
695 1221 747 1285 hei
761 1221 839 1286 mihi
847 1233 979 1307 propter
993 1223 1094 1290 molal

164 1307 250 1374 Dum
264 1308 372 1394 cogito
386 1305 426 1370 dc
440 1305 577 1392 quodem
593 1304 742 1385 facinore,
757 1309 843 1396 quod
858 1321 905 1375 est
918 1310 1087 1378 occultrnn.
1098 1320 1161 1378 890

163 1395 213 1460 An
227 1393 336 1481 igitur,
352 1394 386 1459 Ο
400 1393 469 1470 filii,
485 1393 530 1458 sic
544 1405 576 1457 et
589 1392 642 1458 lon
688 1415 721 1457 m
734 1395 875 1461 viventes
888 1409 1023 1482 tempus,

164 1479 299 1544 Chmsm
313 1479 496 1565 praebebitis
510 1499 638 1543 monum
686 1479 805 1545 Misere
818 1503 889 1570 ego,

164 1565 209 1634 Ut
222 1565 263 1630 sd
277 1565 432 1652 lscrymss
445 1565 594 1651 proclivis
608 1586 689 1648 sum,
704 1561 850 1632 et'metus
864 1567 968 1654 plenu

163 1651 237 1718 Post
249 1655 378 1738 longum
392 1665 516 1736 tempus
530 1653 613 1716 enim
628 1655 862 1719 contentionem
874 1676 969 1741 quem
980 1675 1054 1720 cum
1070 1668 1162 1744 petre

244 1737 352 1816 hebui,
367 1738 527 1824 abjiciens,
851 1733 857 1746 ’

164 1823 291 1910 Implevi
307 1839 447 1890 tenerem
462 1823 544 1888 hunc
558 1823 669 1890 faciem
683 1824 842 1912 lacrymis.

90 1909 205 1978 cnoAEt
218 1911 296 1976 milri
311 1932 351 1976 ex
366 1910 466 1976 oculis
481 1923 620 1976 recentes
635 1923 807 1996 eruperunt
821 1912 998 2000 lucrymis:¹
1045 1909 1050 1918 '

27 2021 28 2060 l
164 2001 262 2086 Atque
277 1996 398 2062 utinam
413 2018 478 2061 uon
492 1996 605 2062 evadet
619 1999 721 2084 majus
737 1997 865 2081 malurn,
880 2019 975 2087 quam
990 2017 1075 2064 nunc
1089 2011 1145 2064 est.

90 2103 148 2150 tet.
167 2083 270 2150 Probo
282 2083 365 2162 hec,
380 2083 504 2161 mulier,
519 2105 620 2170 neque
634 2082 688 2148 illa
702 2083 867 2171 improbo:

163 2169 414 2236 Commtcnusm
430 2171 515 2234 enim
530 2183 586 2246 cst,
602 2170 784 2235 immineum
798 2193 897 2260 genus
911 2173 973 2236 ires
987 2171 1153 2258 concipere

163 2255 199 2322 ln
213 2257 362 2322 meritum
377 2255 504 2342 nuptias
517 2255 655 2320 diversus
669 2257 798 2342 insuper
811 2269 1044 2343 comparantur.
1097 2265 1162 2325 900

163 2345 249 2408 Atio
263 2341 376 2408 melius
390 2355 480 2407 tuum
495 2355 650 2408 mutatum
665 2353 713 2407 est
726 2365 792 2422 cor,

164 2429 326 2517 Agnoristi
343 2451 419 2494 vero
433 2429 604 2507 meliorem,
619 2428 674 2493 sed
688 2451 769 2508 sero,

163 2517 377 2592 Sententiam
397 2514 468 2580 hmo
482 2527 552 2580 runt
564 2515 648 2580 secte
662 2515 801 2581 mulieris
814 2518 975 2602 sepientis.

161 2601 258 2668 Vobis
273 2624 359 2680 vero,
374 2601 477 2680 liberi,
494 2623 557 2666 non
573 2601 749 2667 inconsulte
762 2617 853 2687 peter

162 2687 366 2774 Compsrurit
379 2688 511 2754 multem
525 2688 656 2754 sulutem
671 2709 742 2752 cum
758 2691 1019 2774 deorumsanoree

162 2771 314 2840 Existimo
327 2775 412 2839 enim
427 2798 482 2840 sos
497 2775 590 2861 hujus
603 2789 698 2840 terrae
713 2775 928 2840 Corinthiacus

163 2859 321 2948 Principes
336 2859 405 2926 fore
419 2883 490 2927 curn
506 2860 653 2926 fretribus
667 2859 782 2926 sdhuc.

163 2947 223 3012 Sed
235 2948 385 3013 crocitet
407 2948 528 3034 relique
541 2948 625 3012 enim
638 2947 764 3034 perlicit

162 3031 203 3098 Et
215 3049 306 3120 puter
319 3047 352 3098 et
366 3035 507 3120 quisquis
521 3035 654 3099 deorum
669 3033 825 3120 benignus
838 3045 902 3098 estc

163 3117 292 3186 Utinsm
306 3141 381 3186 sero
390 3119 575 3186 rosvidesm
585 3118 975 3185 benecducstossdfinem
987 3117 1160 3205 pubertatis

160 3205 340 3284 Perrenire,
355 3207 531 3294 superiores
545 3209 622 3270 meis
635 3206 780 3270 inimicis.
1096 3213 1156 3272 911

161 3293 249 3358 Heus
264 3309 311 3377 tn,
326 3295 401 3380 quid
417 3293 501 3381 riges
513 3292 649 3379 pupillos
663 3293 779 3358 teneris
793 3293 949 3379 lucrymis,

160 3381 309 3445 Avertens
323 3393 409 3444 retro
424 3381 574 3445 candidos
588 3399 697 3468 genes,

160 3461 271 3551 Neque
285 3465 397 3532 libenti
411 3467 518 3530 enimc
532 3489 552 3530 e
565 3487 616 3530 me
630 3465 746 3550 accipis
761 3463 847 3528 hunc
861 3461 1062 3530 sermonem?

93 3549 247 3618 crstini!
262 3567 327 3630 est3
350 3551 392 3618 tle
405 3551 511 3618 liberis
526 3551 614 3617 lsiscc
628 3551 815 3637 cogitans-

89 3653 145 3700 tu
161 3637 295 3704 Confide
308 3661 404 3704 vero:
427 3661 488 3728 ego
502 3639 585 3702 enirn
601 3637 683 3703 bene
696 3636 816 3702 curobo
830 3635 910 3702 lraec.

89 3723 285 3790 nemu
301 3723 393 3802 hm
413 3747 478 3791 nou
493 3723 633 3790 diffidam
649 3727 711 3790 tuis
724 3722 844 3788 serbisc
1199 3771 1212 3780 .

161 3809 280 3876 Mulier
304 3831 378 3914 sero
400 3825 449 3878 est
473 3827 588 3877 nature
612 3809 707 3877 molle
729 3806 860 3897 aliquid,
886 3821 918 3874 st
939 3807 980 3873 sd
1007 3806 1163 3894 lscrymss

88 4001 143 4046 sss
160 3981 249 4060 Quid
263 3999 369 4051 sotem
382 3997 550 4136 tantopere
563 4003 740 4074 rugernuns
753 3995 887 4068 propter
900 3979 1016 4046 liberos
1029 3978 1145 4044 hosce?

90 4071 274 4158 ml'cpsri
287 4093 360 4137 socr
381 4093 465 4160 quui
489 4085 624 4136 osutem
635 4079 670 4136 tu
680 4073 769 4136 nodo
778 4067 910 4154 optsbss
920 4067 1026 4133 rivere
1035 4065 1160 4142 liberos,

158 4157 389 4224 lliscrstiorm
404 4157 511 4235 subiit,
529 4179 569 4224 sn
585 4157 647 4223 hoc
661 4155 804 4222 futurum
817 4155 868 4220 sit.
1098 4159 1158 4218 stt

161 4243 322 4312 Ceterum
337 4265 475 4332 qnorum
490 4265 585 4312 censs
597 4263 722 4311 mentm
736 4243 770 4308 iu
785 4239 979 4330 colloquium
994 4235 1116 4316 venisti,
