2882 4858
499 189 777 264 HELENA..
1102 201 1165 262 5⁰9

168 366 301 434 Veniat:
324 363 382 432 tibi
397 386 481 444 vero,
498 364 530 431 Ο
545 365 668 444 mulier,
683 385 807 452 temper
820 363 900 432 bene
914 363 972 432 titl

80 454 198 522 mo
299 466 425 517 mutans
439 473 586 540 magnam
600 451 821 540 aegritudinem
836 473 953 540 magno
967 451 1086 530 dolore,

168 476 305 618 offla
322 539 439 603 luctum
456 535 600 604 navabo?
622 560 716 624 quam
732 559 851 604 musam
867 537 1020 617 sectabor,

169 626 341 714 Lacrymia,
354 637 410 692 aut
423 624 545 702 naeniis,
561 639 615 690 aut
630 621 828 690 maerore?—

171 711 259 789 Heu,
275 709 356 776 beul

168 799 271 864 Alatua
286 795 410 882 puellae,
1038 799 1105 879 (etr.
1124 799 1166 876 1.)

170 883 328 970 Virginea,
345 881 484 948 Telluris
499 883 583 960 liliae,

170 971 306 1046 Sirena,
322 969 440 1034 utinam
457 969 534 1032 meis
549 968 684 1034 luctibua
1110 973 1170 1035 tro

170 1055 314 1120 Veniatia
328 1053 478 1119 habentes
494 1055 644 1142 Lybicam

172 1140 337 1217 matulam,
353 1153 408 1206 aut
423 1139 570 1222 calamos,
586 1156 620 1206 ut
634 1139 834 1226 deplorandir
849 1139 937 1204 malla

174 1227 258 1292 Maia
271 1227 436 1292 continuas
450 1227 614 1313 lacrymae,

171 1312 310 1379 Dolores
325 1312 495 1390 doloribus,
511 1313 651 1378 carmina
664 1313 864 1388 carminibus,

173 1398 212 1464 In
226 1399 313 1466 luooa
327 1411 398 1464 tuor
413 1398 688 1465 lamentationibus
702 1420 859 1464 consonos

173 1483 285 1552 Mittat
302 1483 492 1572 Proserpina

174 1569 322 1648 Funeita,
338 1571 471 1650 funesta,
488 1571 658 1659 elegantias
672 1585 707 1636 ut
720 1593 792 1636 cum
809 1569 955 1655 lacrymis

174 1661 203 1722 A
218 1679 271 1722 me
284 1657 342 1722 rub
358 1658 582 1722 tenebricosam
597 1655 712 1736 aulam,
727 1657 861 1742 hymnos

176 1743 320 1829 Accipiat
333 1744 475 1808 mortuis.
1216 1802 1219 1810 ,

86 1853 164 1898 cero.
177 1827 229 1894 td
244 1851 261 1892 a
285 1851 358 1894 uam
372 1832 540 1894 caerulcam
939 1831 1015 1910 (ant.
1035 1829 1076 1908 1.)
1114 1832 1174 1892 180

175 1851 319 1980 Cmiui
334 1927 366 1980 et
381 1936 438 1999 per
453 1927 592 1980 teneram
608 1915 737 1980 herbam

178 2001 356 2088 Purpureas
371 2001 492 2066 tunicas
509 2001 590 2067 Solia

177 2085 215 2152 ln
230 2109 326 2152 aureo
340 2085 462 2172 fulgore

177 2171 307 2240 Circum
324 2189 356 2238 et
370 2173 554 2238 calefaciens
569 2173 601 2238 in
617 2173 832 2238 arundinetis:

177 2259 274 2326 Unde
289 2259 506 2324 miserabiliter
521 2261 669 2337 resonuit,

178 2345 244 2412 Ubi
259 2344 365 2411 audivi
379 2346 557 2431 strepitum,
571 2346 707 2410 naeniam
722 2345 883 2420 abionem,

176 2431 337 2518 Quicquid
353 2431 479 2497 demum
495 2433 576 2496 dixit
589 2432 733 2496 lamentis
746 2451 885 2520 gemens,

177 2517 328 2605 Nympha
342 2517 485 2604 quaedam
502 2541 559 2583 ceu
577 2519 654 2584 Nais

177 2603 314 2668 Cautum
331 2605 545 2692 montivagum
561 2605 657 2670 edens
671 2601 819 2691 quicquid
836 2603 943 2678 triam
1039 2660 1042 2669 .

177 2689 298 2756 Subtua
314 2713 387 2755 varo
401 2713 502 2756 saxeae
517 2691 636 2755 infimae
651 2711 792 2755 cavernae
809 2692 826 2728 '⁸
843 2691 861 2726 ³
879 2690 896 2726 '⁸
1117 2697 1177 2754 190

177 2775 275 2841 Pania
289 2776 416 2864 conjugi
430 2793 588 2842 resonant.

96 2861 224 2940 analo.
243 2861 299 2927 Iol

177 2947 211 3012 0
226 2947 334 3036 preda
348 2947 523 3014 barbaricae
539 2948 635 3024 navia,

178 3033 300 3100 Pudice
316 3033 451 3112 Graecae,

178 3120 286 3186 Nauta
300 3142 340 3186 ex
358 3121 481 3185 Graecis
495 3119 649 3207 quispiam
667 3120 761 3196 venit,
776 3119 869 3196 venit,

178 3207 351 3294 Lacrymaa
365 3229 460 3292 cuper
475 3206 629 3292 lacrymas
646 3204 721 3269 mihi
736 3205 847 3282 serens,

178 3293 226 3358 llii
243 3293 447 3368 eversionem,

178 3379 251 3464 igni
265 3377 372 3444 hostili
386 3392 587 3464 procuratam

179 3465 312 3551 Propter
329 3487 378 3528 me
392 3461 1008 3550 propter-quam·multi-interiecti-runt,

180 3551 315 3637 Propter
328 3571 434 3616 meum
449 3549 558 3615 infelix
572 3571 697 3617 nomen.
1114 3557 1178 3616 900

180 3637 268 3704 Leda
281 3658 357 3702 vero
372 3635 491 3724 laqueis

179 3723 318 3788 Mortem
333 3723 466 3808 oppetiit
481 3722 523 3787 ob
537 3721 627 3788 dolo·

179 3831 245 3874 rem
260 3807 423 3874 dedecoris
437 3809 546 3873 noatri.

180 3893 275 3960 Meua
289 3917 365 3960 vero
380 3895 411 3958 in
426 3895 505 3960 mari
521 3893 654 3978 multum
671 3907 801 3982 vagatur

179 3981 315 4046 Moritur
329 3980 474 4067 perditae
487 3981 577 4058 obiit,

181 4065 385 4154 Castorirque
398 4065 459 4132 irat
477 4067 485 4081 ‘
523 4089 564 4132 ue

182 4151 356 4218 Geminum
369 4153 482 4240 patrica
518 4174 591 4220 eeur

183 4237 373 4332 Eranidurn,
389 4239 568 4317 evanidam,
584 4237 810 4326 aquia-pulsata
825 4233 952 4324 reliquit
966 4238 1032 4304 sola
