2802 4858
425 193 772 286 rumurss'm.

143 389 227 459 Deoe
241 390 358 479 ubique
371 391 521 474 celebres,

144 479 246 544 Prose
284 478 338 545 ina
349 479 496 546 etamice

144 565 244 630 Ceres
281 587 329 646 ea,
724 603 728 636 ;

141 651 205 717 Illa
218 649 347 750 quidem
360 652 502 717 omnium
517 649 668 728 Domina,
682 649 824 716 omnium
838 671 914 716 vero
927 650 1018 720 tellus
1031 650 1128 716 altrix

144 736 360 802 Habitarunt:
383 737 472 804 mitte
486 735 643 804 toediseras
1077 746 1141 804 690

144 823 232 888 Deae
246 822 288 888 od
303 845 397 908 opem
410 823 573 888 ferendam
588 821 661 907 lruip
675 837 787 888 terrae:

145 908 265 974 Omnia
278 911 363 974 enim
377 909 481 976 facilia
493 922 566 978 suot
580 909 648 974 diis.

67 1013 134 1062 ara.
143 995 234 1060 Vnde
248 1009 284 1062 tu
298 1009 330 1060 et
344 995 448 1060 adduc
463 995 621 1062 Menoecei
635 995 737 1060 filium

146 1081 329 1160 Creontem,
341 1080 471 1148 fratrem
486 1103 564 1146 mese
578 1083 687 1146 matris
701 1083 849 1159 Jocastae,

143 1165 265 1236 Dicens
280 1169 357 1244 baec,
373 1168 460 1254 quod
473 1167 596 1252 privata
609 1182 641 1234 et
653 1167 781 1252 publica
795 1167 895 1232 salute
910 1179 1002 1232 terre

144 1253 249 1318 Velim
263 1275 336 1320 nme
349 1253 419 1339 ipso
432 1257 577 1320 conferre
591 1253 730 1330 consilia,

146 1340 336 1427 Priusquam
350 1339 509 1406 veniamus
523 1341 555 1404 in
570 1362 720 1428 pugnam,
736 1340 822 1414 etnd
837 1339 946 1406 aciem

144 1429 176 1490 A
212 1427 244 1490 ui
260 1427 376 1512 pedum
391 1439 518 1492 tuorum
532 1427 640 1492 labore
655 1426 765 1492 liberet
780 1439 811 1490 to
824 1447 980 1511 praesens:

144 1513 183 1577 Vi
206 1535 246 1578 eo
259 1513 344 1578 enim
358 1514 464 1597 ipsum
477 1513 651 1578 venientem
665 1512 706 1578 ed
721 1511 850 1584 domum
864 1534 977 1576 meatu.

64 1619 137 1666 cun.
145 1597 293 1664 Profecto
306 1621 392 1684 saepe
404 1599 509 1664 excidi
523 1621 588 1684 spe,
602 1598 710 1663 videre
724 1611 756 1663 te
769 1599 909 1682 cupiens,
926 1597 960 1664 Ο
973 1619 1031 1662 rex
1077 1607 1142 1668 700

145 1685 300 1762 Eteocles,
315 1686 454 1772 undique
467 1698 572 1750 autem
587 1699 695 1771 portas
708 1685 928 1750 Cedmoeorum

145 1771 189 1838 Et
202 1771 348 1837 custodes
364 1773 490 1850 accessi,
506 1785 537 1838 te
552 1794 705 1858 quaerens.

65 1859 242 1944 nrn.Atqui
257 1881 318 1947 ego
331 1857 476 1924 volebam
490 1859 653 1938 revidere,
671 1859 702 1922 Ο
719 1859 841 1922 Creon:

146 1943 288 2010 Omnino
302 1945 386 2008 enim
401 1945 505 2008 inveni
520 1944 645 2011 inutiles
661 1942 939 2020 reconciliationes,
1036 2003 1037 2012 ,

144 2029 317 2116 Postquam
332 2031 364 2096 in
380 2030 573 2116 colloquium
588 2031 658 2102 veni
672 2053 743 2096 cum
759 2029 920 2116 Polynice.

62 2137 133 2182 cnr.
143 2117 261 2184 Audivi
275 2117 379 2202 ipsum
392 2118 493 2202 majus
507 2116 657 2203 quiddam
671 2119 810 2203 cogitare
824 2137 917 2202 quam
932 2113 1070 2192 Thebes,

142 2203 366 2289 Affinitateque
381 2203 511 2270 Adrasti
525 2215 557 2269 ct
571 2204 711 2268 exercitu
725 2201 850 2270 fretum.

143 2288 265 2354 Verum
280 2301 404 2375 oportet
418 2290 480 2355 isra
492 2289 624 2362 deorum
639 2289 771 2354 arbitrio
786 2288 982 2372 permittere:

143 2375 227 2452 Quae
242 2398 318 2440 vero
331 2377 450 2442 instant
463 2398 548 2440 nunc
562 2376 708 2452 maxime,
724 2373 794 2440 baeo
809 2375 900 2440 venio
913 2374 1064 2440 dicturru.

58 2483 131 2528 eru
140 2461 259 2539 Qualia
273 2475 347 2527 sunt
360 2461 443 2527 ista?
464 2484 528 2529 non
541 2462 682 2550 intelligo
697 2463 782 2526 enim
794 2469 883 2526 tuum
897 2459 1028 2526 dictam.
1076 2464 1140 2534 710

59 2548 243 2614 convenit
258 2547 421 2638 transfuga
432 2548 560 2634 quidam
575 2547 616 2614 ab
631 2550 767 2636 Argivis.

56 2655 133 2700 rra.
142 2634 271 2700 Dicitne
284 2633 403 2721 aliquid
419 2635 493 2700 novi
507 2633 548 2700 de
563 2637 654 2700 rebus
662 2657 740 2786 quae
756 2633 800 2698 ibi
814 2629 911 2698 sunt?

58 2741 134 2787 cna.
146 2719 243 2797 Quod
259 2722 400 2807 undique
414 2723 532 2786 circum
542 2721 646 2786 densis
694 2720 850 2786 bebanam
864 2719 1020 2783 civitatem

145 2807 257 2873 Statim
272 2809 367 2872 armis
381 2807 630 2872 circumdaturos
647 2809 687 2884 sit
702 2806 893 2893 Argivorum
908 2803 1074 2870 exercitus.

53 2913 134 2960 era.
149 2895 231 2959 Sunt
243 2894 342 2982 igitur
355 2894 426 2958 urbi
443 2893 666 2959 Cadmoeorum
680 2891 839 2958 efferenda
849 2913 960 2958 arma„

54 3001 135 3047 cun.
146 2978 245 3057 Quo?
261 2981 359 3132 dium?
372 2984 576 3067 juvenescens
604 3002 668 3045 ncn
695 2978 791 3056 vides,
818 2999 889 3062 quae
917 2975 1083 3062 oportebat
1111 2985 1143 3038 te

229 3089 260 3130 vr
284 3089 336 3132 ere

49 3173 133 3218 arn.
144 3153 246 3220 Extra
259 3153 357 3220 fossas
370 3156 457 3232 istas,
473 3156 590 3243 quippe
603 3153 789 3242 pugnaturis
803 3151 918 3218 statim.

49 3261 133 3306 cna.
144 3239 270 3326 Exigua
280 3255 327 3306 est
337 3241 506 3308 multitudo
515 3241 608 3328 hujus
618 3258 728 3316 terrae3
751 3241 881 3306 illivero
891 3249 965 3302 sunt
975 3233 1142 3300 innumeri.
1214 3299 1217 3307 ,

47 3345 134 3394 ern.
147 3327 220 3392 Scio
232 3327 305 3396 illos
316 3330 436 3394 seroces
450 3351 517 3394 esse
532 3329 645 3394 verbis.

44 3433 134 3479 cna.
147 3413 256 3479 Habet
270 3414 398 3500 aliquod
414 3437 530 3481 nomen
545 3435 611 3500 proe
627 3413 751 3489 Graecis
766 3411 883 3496 Argos.
1077 3413 1142 3475 720

44 3519 133 3564 ern.
146 3500 297 3572 Confidez'
320 3501 384 3566 cito
397 3501 536 3585 implebo
551 3523 679 3586 campos
693 3520 805 3565 eornm
818 3497 980 3584 sauguine.

42 3607 132 3652 cat.
144 3587 246 3652 Velim
261 3587 425 3674 equidem:
448 3587 502 3652 sed
516 3587 577 3652 hoc
592 3587 684 3652 video
695 3583 804 3672 magni
817 3581 946 3649 laboris.

40 3693 131 3737 m.
141 3673 233 3754 Scito,
248 3672 336 3761 quod
352 3695 413 3737 non
429 3674 600 3738 continebo
614 3674 720 3757 copiae
733 3673 817 3738 iutra
831 3669 956 3734 moenia

36 3781 88 3827 cn
95 3761 322 3846 a.Atqui'tota
336 3760 467 3826 victorie
480 3761 603 3825 consilii
617 3783 697 3847 opus
710 3771 766 3824 est.

35 3867 129 3912 arn.
144 3844 201 3908 Vis
214 3845 323 3934 igitur,
338 3859 374 3912 ut
388 3869 439 3913 me
453 3859 633 3914 convertam
648 3845 688 3910 ed
706 3844 826 3931 aliquas
840 3837 929 3907 vies?

34 3932 196 4000 carr-Ad
211 3955 321 3998 omnes
335 3933 450 4018 potius,
465 3934 536 4019 prio
575 3957 648 4000 uam
662 3935 694 3997 in
709 3930 885 4018 periculum
899 3925 993 4006 semel
1007 3925 1124 3988 venias.

33 4039 128 4086 m.
142 4017 231 4096 Quid
245 4022 270 4082 si
285 4033 382 4086 noctu
394 4021 547 4105 impetum
575 4019 761 4095 aciamusiu
774 4041 827 4084 cos
840 4037 881 4080 ex
895 4009 1041 4078 insidiis?

30 4127 128 4175 cn.
145 4106 180 4172 Si
195 4105 323 4192 quidem
337 4122 453 4172 eventu
467 4119 592 4192 sperato
613 4105 759 4180 excidens
774 4105 839 4170 huc
861 4100 964 4168 salvus
985 4095 1145 4164 rediturus

228 4193 355 4260 iterum.

27 4303 129 4350 m.
143 4279 221 4345 Nox
237 4279 354 4368 pariter
369 4280 536 4356 commoda
551 4283 700 4367 utrisque,
715 4278 771 4346 scd
785 4276 913 4344 audenti
927 4272 1037 4360 megia
