2828 4864
271 221 332 285 126
634 211 963 292 EURIPIDIS

350 390 529 484 Difficulter
542 391 604 456 ires
617 391 725 468 animo
740 387 872 470 mutoth,
887 391 1061 478 deponunt.

351 481 441 548 Nam,
449 475 654 542 assuefactum
668 499 734 543 esse
747 477 786 542 sd
803 473 972 545 vivendum
986 479 1146 546 moderate

352 563 488 630 Melius:
512 563 590 628 mihi
604 562 723 643 mitem,
738 565 765 628 si
778 561 842 630 non
858 559 1035 654 magnifice,

350 649 438 716 Tuto
452 650 544 716 liceat
558 669 789 716 consenescere.

351 737 447 814 Nom,
463 749 498 802 ut
511 735 574 802 hoc
586 737 725 822 primum
738 736 843 802 dicem
857 736 1065 802 mediocrium

351 823 479 890 Nomen
493 823 599 902 vincit,
614 835 646 888 et
661 845 718 888 usu
732 819 828 912 longe
1126 821 1129 826 “

350 907 482 996 Optime
495 924 568 974 sunt
581 908 779 974 hominihus:
802 910 856 976 sed
873 909 1079 976 immoderate

350 995 447 1061 Nullo
461 1009 603 1081 tempore
617 995 798 1061 hominibus
811 995 932 1062 timoris
945 995 1089 1082 expertis
1102 1009 1196 1064 sunt:

348 1081 392 1148 Et
406 1083 537 1167 maj0res
550 1081 750 1161 calsmitetes,
765 1083 894 1172 quando
906 1082 1059 1149 irascetur
1297 1095 1364 1155 180

349 1167 579 1234 Deusinrnilioe
592 1170 748 1254 rependit.
1080 1179 1086 1194 ·

263 1275 342 1321 cuo.
353 1255 471 1320 Audiui
483 1272 603 1334 vocem,
619 1250 787 1344 audivique
800 1256 969 1322 clamorem

349 1340 488 1407 Infelicis
505 1341 676 1407 Colchidis.

347 1427 417 1494 Nec
431 1427 537 1493 sdhuc
550 1437 594 1492 est
606 1426 753 1514 placete?
790 1427 862 1505 Sed,
879 1427 911 1494 0
926 1427 1039 1506 v‘etulu,

346 1513 475 1580 Dicito:
497 1533 571 1579 nem
586 1513 724 1580 adfores
739 1513 858 1580 medias
871 1515 955 1580 intre

346 1600 489 1666 Domum
505 1598 671 1666 clamorem
687 1593 804 1666 audivi.

347 1686 462 1772 Neque
474 1684 623 1766 delector,
639 1687 672 1752 Ο
686 1687 808 1765 mulier,

272 1787 279 1804 ‘
346 1772 502 1839 Luctibus
517 1772 639 1852 domus,

347 1859 436 1936 Quia
448 1879 512 1924 uon
527 1868 765 1948 grumsunteu,
779 1875 852 1944 quae
865 1870 935 1923 octa
949 1873 1031 1924 sunt.

260 1945 422 2013 nonNon
436 1958 510 2011 sunt
523 1945 625 2012 aedes:
648 1957 841 2012 evmruemnt
854 1939 924 2010 hiec
932 1946 1011 2048 jam.
1289 1960 1358 2018 140

345 2031 495 2097 Jcsonern‘
505 2033 589 2097 enim
603 2042 697 2112 tenet,
712 2031 825 2094 domus
838 2030 942 2116 prium
965 2053 1030 2108 um,

345 2116 474 2183 Medma
486 2139 561 2182 vero
574 2110 829 2183 tabenensium
846 2118 879 2181 in
894 2117 929 2182 rh
961 2118 1039 2184 amis

344 2203 495 2282 Domina,
508 2201 624 2269 nullius
639 2203 811 2269 amicorum
822 2205 991 2292 quicquum

345 2288 460 2355 Verbis
474 2288 570 2355 lenite
581 2291 731 2354 animum.

259 2395 342 2443 uun.
351 2375 427 2440 Heu
440 2375 520 2440 heu:
546 2377 664 2441 utinam
678 2377 804 2440 flamma
816 2376 952 2443 coelestis
965 2396 1025 2462 per
1037 2395 1143 2442 meum
1157 2391 1260 2464 osput

213 2527 215 2536 ,
346 2459 426 2526 Euri
473 2462 562 2538 Quid
576 2463 661 2526 enim
675 2461 754 2527 mihi
767 2463 845 2528 boni
858 2475 905 2530 est
918 2463 1053 2549 emplius
1066 2461 1198 2530 visere?

345 2547 432 2626 Heu,
447 2547 526 2612 heu:
549 2561 650 2613 morte
663 2547 823 2628 dissolvar,

344 2633 468 2699 Relicta
482 2633 591 2699 odiosa
600 2635 675 2701 viro.

258 2741 337 2788 cuo.
347 2717 708 2806 Audivisti,OJupitcr,
723 2734 755 2787 et
769 2727 854 2788 term
866 2733 899 2786 et
912 2719 976 2801 lux,
1008 2801 1012 2810 .
1180 2727 1349 2810 (strophe.)

342 2807 473 2885 Vocem,
488 2807 610 2892 qualem
627 2806 738 2872 infelix
1282 2823 1351 2880 150

343 2891 438 2958 Canii
451 2891 589 2978 sponse?

341 2978 500 3055 Quaeusm
513 2979 571 3044 tihi
585 2974 768 3044 insatiabilis

340 3063 444 3130 Thuri
457 3065 622 3151 cupiditoe,
637 3065 669 3132 Ο
683 3065 789 3141 stulta,

340 3149 539 3217 Acoelerubit
552 3153 661 3217 mortis
675 3151 769 3218 duem
782 3149 796 3215 i

339 3237 391 3302 Nc
404 3235 466 3302 hoc
480 3239 628 3322 preceris.

337 3323 432 3392 Quod
447 3323 474 3388 si
488 3336 559 3389 tuus
574 3325 703 3392 meritus

203 3455 206 3464 .
339 3408 426 3474 Colit
440 3430 556 3474 novum
570 3410 698 3488 lectum,

251 3497 256 3504 ’
336 3495 444 3562 Illinc
458 3495 499 3563 ob
514 3496 575 3562 hoc
589 3519 782 3562 succenseas:

335 3581 461 3668 Jupiter
473 3582 544 3648 hoec
558 3583 724 3650 ulciscetur
738 3603 798 3669 pro
810 3595 852 3648 te.

335 3668 388 3734 Ne
400 3669 493 3734 nimis
507 3669 674 3735 tabefecies
687 3670 830 3756 teipsum,

334 3753 469 3821 Plorans
482 3769 571 3821 tuum
585 3757 744 3832 merirum.

248 3839 372 3907 resno
386 3862 501 3930 magns
516 3841 648 3907 Themis
662 3857 694 3908 et
707 3839 877 3907 reverende
891 3841 1009 3920 Disuu,

333 3924 465 4008 Videtis,
481 3951 553 4016 quae
566 3929 680 4014 patior,
696 3951 769 4015 quae
783 3946 902 4018 msguo
910 3931 1092 4016 juramento

333 4009 481 4116 Obliguvi
496 4014 710 4080 execrandum

332 4097 513 4164 Mantum?
534 4101 639 4178 Quem
650 4103 772 4168 utinum
787 4101 958 4191 aliquando
971 4115 1004 4168 et
1017 4119 1163 4188 sponsum
1177 4097 1305 4167 vidcsrn

328 4185 370 4250 In
384 4185 506 4251 sedibus
521 4189 603 4254 disne
643 4201 702 4267 tos,

330 4271 394 4345 Qui
407 4295 459 4339 mc
471 4274 560 4358 prius
574 4298 615 4340 eu
640 4289 695 4343 ent
708 4275 824 4362 injuris
838 4273 970 4342 efficere.
