2882 4858
669 226 996 294 EURIPIDIS

381 401 465 466 Cum
479 399 549 484 ipso
563 420 636 464 vaae
650 411 684 464 et
696 397 809 477 faaciia,
824 420 902 486 quae
916 397 1022 477 babet,

379 485 512 552 Portato
525 485 601 549 milti
612 483 703 550 fiatri
718 495 768 550 trro
779 485 821 549 ad
836 507 906 550 mea
920 483 1061 566 oracula,

380 572 424 637 Et
437 571 549 658 ponito
561 571 596 635 in
610 571 680 656 ipeo
693 571 825 636 introitu
839 593 979 636 mearum
999 569 1127 638 edium.

381 657 518 744 Reliqua
530 656 713 734 veru-bic
726 657 811 722 enim
826 677 906 758 puer
919 679 1007 722 meur
1020 671 1081 735 est,
1094 669 1132 722 ut
1145 656 1281 736 eoin,-

379 742 466 808 Mihi
481 754 576 808 erunt
588 761 683 808 ouroe.
729 742 873 828 Apollini
886 764 962 808 vero
975 742 1163 809 beneficium
1176 766 1238 833 ego

381 829 538 894 Prasiana
550 827 642 894 fratri
655 839 842 896 contextum
856 827 1016 898 mlatbum
1030 830 1142 896 attens

380 914 503 990 Detuli‚
517 927 550 979 et
563 912 714 978 infantem
727 933 822 999 anper
835 913 1030 999 erepidinem

380 999 509 1085 Templi
523 1000 617 1086 hujus
630 1021 727 1086 pouo,
741 1000 886 1085 aperiens
901 999 1060 1066 calathum

281 1095 285 1108 '
382 1085 578 1152 Circularem
591 1085 718 1163 arculae,
736 1099 771 1150 ut
786 1085 1072 1152 videreturinfana
1333 1093 1369 1149 to

382 1171 465 1238 Solia
478 1185 582 1237 autem
598 1171 675 1236 orbe
687 1171 809 1244 oriente
822 1194 900 1240 catu

383 1257 537 1324 Sacerdos
550 1259 690 1345 ingressa
703 1269 749 1321 eat
762 1271 825 1323 tem
849 1257 916 1324 lutu
933 1257 1013 1324 Dei:

384 1343 555 1429 Oculisqoe
569 1343 717 1431 conjectis
730 1344 763 1406 iu
779 1342 788 1405 i
867 1359 929 1410 tem
946 1365 1080 1428 puerum

381 1427 502 1494 Mirata
515 1442 573 1510 eat,
584 1429 610 1492 si
623 1451 696 1516 quea
711 1428 869 1514 Delphica
882 1429 987 1513 puella
1000 1443 1076 1495 anaa
1089 1441 1169 1494 earet

383 1513 624 1580 Clandeatinum
639 1526 765 1600 partum
779 1515 812 1578 in
828 1515 891 1582 Dei
906 1515 1059 1602 projicere
1072 1515 1212 1581 domum.

381 1600 518 1665 Volebat
531 1614 637 1666 autem
650 1600 819 1666 extrudere
832 1614 922 1666 extra
934 1623 1058 1666 sacrum
1071 1600 1182 1680 limen,

382 1685 588 1752 Miseratione
601 1700 705 1752 tamen
720 1687 825 1754 omisit
838 1686 1066 1764 crudelitatem,
1080 1700 1114 1754 et
1127 1687 1217 1754 Dm

380 1772 520 1860 Adjutor
533 1785 600 1838 erat
614 1795 727 1858 puero,
741 1794 781 1838 ue
794 1773 958 1859 ejiceretur
970 1773 1077 1840 domo.

383 1859 570 1946 Susceptum
586 1871 690 1923 autem
709 1860 813 1943 ipaum
827 1859 901 1928 elit:
925 1872 1047 1941 patrem
1060 1879 1136 1923 vero
1148 1854 1212 1942 9⁸¹¹*

382 1943 544 2010 Phoebum
560 1967 621 2010 erae
635 1945 743 2022 nescit,
758 1967 861 2031 neque
874 1957 1018 2024 matrem,
1034 1967 1073 2010 aa
1086 1965 1150 2030 qua
1163 1955 1257 2010 natue
1269 1951 1369 2026 utto

382 2029 426 2098 Et
439 2052 519 2116 puer
532 2053 658 2117 quoque
671 2031 738 2114 ipae
751 2042 897 2117 parentea
910 2053 978 2096 area
990 2053 1056 2098 uon
1069 2029 1169 2096 novit.

381 2115 512 2182 Juvenia
525 2117 624 2203 igitur
637 2116 775 2182 existens
788 2119 875 2182 circa
887 2117 1004 2182 victum
1018 2139 1060 2184 ax
1072 2118 1136 2198 arie
1150 2115 1261 2184 datam

382 2203 567 2285 Vagabatur
580 2201 709 2268 ludens:
733 2203 787 2270 ubi
802 2224 878 2268 vero
891 2204 990 2268 evasit
1004 2203 1037 2267 in
1052 2203 1168 2280 virum,

382 2287 444 2353 Del
468 2287 502 2352 bi
516 2288 620 2373 ipaum
635 2286 778 2355 lecerunt
791 2289 1039 2354 custodat-auri
1052 2289 1150 2373 ipaiua
1163 2287 1230 2354 Dei

383 2311 565 2439 Etleuam
581 2387 769 2460 quaestorem
784 2375 936 2453 omnium,
952 2375 986 2438 in
1000 2373 1120 2460 templu
1133 2397 1208 2442 vero

380 2459 444 2524 Dei
458 2459 534 2524 vivit
545 2457 711 2546 bucusque
725 2483 848 2546 semper
861 2460 1024 2528 honestam
1039 2461 1149 2526 vitam.

382 2545 504 2611 Creusa
516 2567 602 2624 vero,
618 2568 691 2631 quae
703 2559 868 2632 pepererat
880 2547 966 2612 huuc
978 2547 1219 2628 adoleaoeuten,

380 2631 493 2698 Xutho
506 2631 598 2696 nubit
611 2631 667 2696 tali
680 2655 772 2698 caan:

383 2717 463 2782 Erat
477 2716 722 2784 Atheniensibus
734 2731 767 2784 et
779 2717 1050 2794 Chalcodontidia.

383 2802 450 2880 Qui
466 2802 641 2869 Euboicam
655 2816 772 2870 terram
785 2804 978 2881 inhabitant,
991 2803 1105 2870 bellica
1117 2813 1298 2890 amma
1333 2807 1370 2866 60

383 2888 459 2966 Qua
474 2889 567 2956 simul
582 2889 713 2956 tolerata
727 2888 882 2976 nuruique
895 2889 981 2956 ferro
994 2889 1152 2968 melecta,
1429 2925 1430 2970 i

383 2975 575 3061 Nuptiarum
592 2975 720 3042 Creusae
734 2975 919 3065 dignitatem
935 2978 1067 3061 accepit,

383 3059 459 3125 Nou
473 3061 622 3150 indigena
635 3063 780 3140 antea.
795 3063 849 3132 aad
864 3083 907 3128 ex
920 3061 1020 3128 AEolo
1032 3061 1121 3130 Jovu
1133 3061 1203 3130 filio

383 3145 482 3212 Fatus
519 3147 667 3212 Achaeus.
711 3149 780 3218 Diu
814 3169 889 3214 vero
923 3149 1031 3216 liberie
1064 3147 1265 3234 procreanda
1298 3144 1372 3210 dm

384 3254 635 3419 Sobpllleglm’ra
648 3333 704 3394 eat,
719 3331 753 3384 et
766 3319 911 3388 Creusae.
926 3320 1134 3405 quamobrem

383 3404 527 3469 Veniunt
540 3339 665 3470 alebaec
680 3405 838 3492 Apollinis
851 3406 988 3485 oracula,

381 3488 550 3556 Deriderio
563 3489 696 3556 sobolis:
720 3491 839 3578 Apollo
851 3514 927 3558 vero
940 3491 1099 3560 sonituum

382 3574 461 3641 Huc
474 3575 609 3662 impulit,
623 3599 684 3642 nec
697 3591 744 3642 eat
756 3576 951 3658 obttmfitt,
967 3591 1002 3646 ut
1014 3576 1219 3647 exitum.

381 3659 483 3727 Dabit
497 3662 583 3728 enirn
595 3661 786 3752 ingredienti
800 3663 954 3750 templum
968 3665 1031 3730 boe

375 3745 487 3812 Xutho
500 3770 591 3813 auum
605 3749 702 3836 ipaiua
715 3748 827 3826 filium,
841 3759 875 3815 et
888 3765 999 3818 natum
1012 3773 1079 3818 eae

377 3832 487 3917 lpanm
501 3855 542 3900 ex
555 3833 611 3901 illo
623 3835 716 3912 dicet,
731 3849 767 3901 ut
780 3835 905 3904 veniens
919 3836 962 3904 ad
975 3849 1149 3904 maternam
1163 3835 1295 3904 burum

384 3919 584 4008 agnoscatur
596 3943 617 3986 a
632 3921 762 3998 Creusa,
777 3933 814 3986 ut
826 3922 950 4008 nuptie
964 3922 1120 4009 Apollinis

384 4003 529 4072 Occulta
542 4007 606 4072 aiut
618 4019 651 4072 et
664 4005 747 4072 filius
761 4006 875 4073 babeat
888 4029 962 4094 qnae
974 4031 1102 4096 aequum
1115 4019 1174 4074 ed.

384 4089 466 4157 Iona
478 4113 553 4158 vero
567 4093 682 4178 iprum,
695 4092 889 4160 eonditorero
906 4093 1054 4164 Asiaticae
1068 4111 1173 4173 wne.

385 4175 523 4246 Nomine
534 4179 639 4246 vocari
651 4177 776 4246 curabit
789 4201 847 4266 per
861 4179 1028 4248 (traam.

380 4255 444 4328 sat
457 4261 490 4326 ῖιι
504 4262 563 4330 bor
576 4263 742 4334 lauriferoe
754 4285 889 4334 numus
906 4264 972 4348 ibo,
