2862 4864
253 223 317 288 aza
639 205 973 276 nunrnrms
1020 160 1026 172 ’

342 381 493 462 Maritus,
508 379 647 447 domitus
659 378 728 445 sace
740 377 896 449 fulminis.

261 469 447 543 suu.Video
460 482 545 534 certe
559 467 629 532 uite
642 465 749 546 linem,
765 467 809 531 od
1259 469 1351 556 (αι.)

344 557 450 636 Quem
465 553 590 630 accessi,
604 551 734 618 fortuna
747 575 822 618 vero
835 551 915 616 mihi

344 641 496 711 Admovit
511 641 646 706 itineris:
669 639 725 704 sed

346 728 487 795 Honesti
499 727 636 792 nominis
649 726 758 818 gretia
766 737 802 790 ut

348 816 448 892 Hinc,
464 811 539 877 hinc
554 835 605 876 ru·

346 925 397 967 cm
412 899 473 965 hac
487 920 506 963 a
520 919 609 984 rupe,

350 986 475 1054 Saltaus
489 986 521 1048 in
530 985 648 1072 ignem,

351 1074 540 1159 corpusque
553 1069 682 1138 cadente
694 1069 823 1134 flamme

350 1158 472 1226 Marito
486 1155 690 1223 commiscens
704 1155 853 1232 charum,
863 1167 895 1220 et

351 1247 477 1330 Corpus
491 1265 584 1308 meum
597 1264 699 1328 prope
712 1262 827 1328 corpus
841 1241 942 1306 mariti
954 1263 1092 1329 paens,
1103 1245 1137 1310 ia

353 1331 553 1415 Proserpinae
567 1327 782 1415 (descendam)
797 1327 963 1406 thalamos,

353 1417 403 1482 Te
418 1429 575 1482 mortuum
679 1435 845 1502 uammeu

355 1503 499 1568 Prudens
512 1501 617 1567 anima
631 1526 669 1567 su
706 1515 800 1566 terra

351 1589 464 1655 Valeat
476 1587 543 1664 lux,
558 1590 743 1675 nuptimque.
752 1587 764 1650 l

352 1679 407 1758 At,
421 1679 452 1740 Ο
466 1675 492 1739 si
507 1673 603 1760 aliqui
617 1675 692 1740 lecti

354 1764 573 1863 congruarum
588 1759 772 1847 nuptiarum

354 1853 384 1915 A
434 1871 451 1914 s

355 1871 536 2023 diuiderent
549 1933 655 1998 liberis
668 1933 760 2010 meis,
775 1943 847 1998 ttius
862 1955 944 2000 vcro

355 2021 508 2107 Legum·
521 2018 594 2084 lecti
608 2019 741 2084 maritus
753 2031 801 2084 αἱ
822 2019 840 2056 ’
865 2023 882 2056 “

357 2105 521 2172 Coalescm
534 2105 657 2170 sincero
670 2103 782 2168 studio

174 2251 182 2270 ,
358 2192 514 2259 Generosi
529 2191 628 2256 autimi
642 2189 688 2256 ad
697 2190 874 2278 conjugem.

271 2299 350 2348 ono.
360 2279 461 2364 Atqui
474 2299 547 2342 ecoe
560 2277 627 2363 ipse
640 2291 714 2342 tuus
728 2291 818 2362 pater
831 2277 1081 2363 κώμῃ,

212 2385 219 2396 ·
358 2364 411 2430 Ad
424 2385 543 2429 novum
556 2385 730 2429 sermonem
745 2384 841 2428 senex
857 2363 958 2450 lphis,

358 2450 465 2527 Quem
478 2471 551 2514 cum
566 2471 630 2514 nou
645 2449 783 2516 audierit
794 2451 960 2538 priuajem
976 2449 1257 2518 audieus-dolebit

274 2558 348 2606 ran.
361 2537 395 2603 Ο
408 2537 532 2614 mucra,
547 2549 579 2600 et
667 2537 763 2600 miser
776 2557 886 2616 senex,

359 2623 464 2688 Venio
477 2559 769 2710 habenseddplioem
784 2622 951 2688 stimulum
961 2621 1124 2702 diuinitus,

359 2709 476 2776 Filium
489 2710 575 2774 enim
591 2707 786 2774 interfectum
802 2707 958 2774 'I'hebans
972 2708 1089 2774 lancea.
1282 2719 1368 2776 1040

362 2795 535 2874 Eteoclen,
551 2796 584 2860 in
600 2795 731 2882 patriam
747 2807 931 2862 retecturus
939 2807 1115 2874 moinum,

360 2881 404 2948 Et
418 2904 563 2970 quoereus
577 2905 677 2948 meam
693 2879 803 2957 filiam,
819 2903 891 2968 quae
905 2895 1003 2948 extra
1009 2881 1139 2951 domum

363 2969 501 3052 Egressa
514 2981 561 3033 est
575 2968 665 3048 saltu,
679 2989 763 3032 uxor
778 2967 939 3053 Capanei„

362 3053 452 3118 Mori
467 3056 597 3140 cupiens
610 3077 682 3120 cum
698 3055 824 3120 marito.
868 3051 1029 3142 Tempore
1043 3053 1181 3141 quidem

364 3141 535 3225 Superiore
549 3141 784 3205 custodiebatur
798 3139 902 3205 domi:
924 3155 1236 3226 postes-vonoquem
1248 3165 1314 3230 qo

361 3224 544 3290 Custodiam
559 3227 663 3290 remisi
678 3239 808 3313 propter
821 3227 992 3312 presentia
1000 3225 1104 3306 mala„

363 3311 517 3378 Excessit.
562 3312 625 3377 Sed
640 3311 692 3377 hic
705 3314 805 3399 ipsam
820 3313 1015 3400 conjicimus·

362 3396 509 3463 Maxime
523 3421 605 3464 esse:
628 3399 733 3477 dicite,
748 3422 790 3464 an
804 3401 918 3465 sciatis.

275 3503 353 3550 rua
363 3483 451 3562 Quid
466 3483 756 3574 istotuoeuogas?
776 3487 1080 3575 ecoeego'insuo„

362 3571 454 3638 Sicut
467 3569 610 3657 quiedam
625 3573 701 3651 avis,
716 3594 812 3660 supra
827 3596 939 3662 rogum
957 3571 1097 3658 Capanei
1285 3583 1372 3642 10⁵0

363 3655 477 3722 infelix
492 3656 643 3722 libramen
658 3658 738 3738 levo,
754 3672 855 3745 pater.

277 3761 349 3806 ten.
361 3743 452 3822 lilio,
469 3764 615 3830 quoenam
630 3743 731 3810 aure?
752 3745 823 3832 quis
837 3743 994 3810 ornatus?
1014 3746 1292 3835 cujumtgrstio

361 3829 471 3896 Domo
485 3829 594 3896 relicta
608 3831 720 3896 venisti
736 3832 769 3896 in
784 3833 866 3896 hanc
881 3830 1024 3898 mmaml.

276 3931 356 3978 noe.
366 3915 450 3980 lmm
466 3916 645 4003 conciperes
659 3941 730 3982 mea
742 3919 880 3986 consilia

364 4001 524 4068 Audiens:
548 4002 603 4068 sed
619 4003 694 4069 nolo
708 4021 739 4068 te
752 4003 990 4092 audiremur.

277 4085 453 4163 rnn..Quid
468 4087 566 4155 vero?
589 4111 694 4155 nonne
708 4103 755 4154 est
769 4091 1029 4180 justumpotrcur
1042 4107 1131 4163 tuum
1146 4091 1254 4163 stite?

277 4191 358 4236 cus.
368 4171 462 4238 Esses
471 4174 577 4260 judex
591 4199 653 4242 non
670 4177 797 4263 sophus
809 4200 889 4246 mem
904 4179 1084 4249 voluntatis

279 4275 351 4324 tau.
365 4257 442 4325 Hoc
456 4283 531 4326 vero
546 4261 737 4351 adurcium
749 4265 1166 4352 romannorum-corpus?
