2784 4864
260 169 303 230 64
496 144 500 154 ’
644 151 965 225 EURIPIDlS

342 334 410 398 Aut
432 327 530 410 bunc,
553 339 587 394 et
607 329 790 416 meffquis
813 349 908 395 omne
931 328 994 395 lsoc
1018 330 1159 398 amicitis
1178 315 1375 420 junctum,

342 501 416 580 Dic,
427 435 527 650 upluop
541 427 829 566 &lubricorum
851 498 1077 568 Hermionem:
1104 517 1138 572 et
1158 515 1313 592 oportet
1337 519 1376 574 te

427 611 451 674 8

462 586 568 652 adium
691 645 694 652 r

346 675 496 740 StrIctum
511 670 679 738 habemad
693 671 795 757 ipsum
810 669 927 738 collum
940 673 1086 761 virginis:

346 760 426 826 Siue
441 758 582 834 servarit,
595 770 706 842 petens
720 779 761 822 ne
773 755 982 824 interficiatur
994 759 1069 840 filis,

345 843 520 924 Menelaus,
535 843 643 909 videns
656 863 770 928 corpus
787 841 919 909 Helenus
932 845 967 909 in
980 847 1143 936 sunguine,
1272 861 1377 919 1190

346 932 422 998 Sine
434 943 553 1018 patrem
568 929 728 1016 possidere
741 929 855 1014 puellte
868 950 998 1015 corpus:

346 1018 403 1083 Sin
418 1030 533 1096 autem,
548 1016 590 1079 ins
615 1027 704 1082 otens
712 1014 903 1081 vehementis
913 1017 1011 1082 animi

344 1103 439 1168 Volet
451 1115 483 1168 te
496 1037 681 1180 interfipoere,
696 1113 728 1165 ct
740 1112 775 1164 tu
790 1101 881 1166 ferito
894 1102 1010 1168 collum
1025 1103 1168 1192 virginis.

346 1189 391 1254 Et
403 1189 506 1274 ipsum
519 1189 674 1266 existimo,
689 1187 811 1252 etiamsi
825 1188 961 1272 primum
977 1189 1078 1254 aderit
1090 1192 1286 1274 vehemens,

346 1275 473 1342 Deinde
486 1273 680 1340 molliturum
693 1272 853 1338 animum:
874 1295 940 1338 non
955 1275 1039 1340 enim
1052 1277 1173 1358 audax,

347 1361 460 1448 Neque
473 1360 560 1424 fortis
574 1374 629 1426 est
674 1359 750 1423 Hoc
763 1358 865 1424 habeo
877 1360 968 1425 nobis
1040 1377 1043 1392 ¹

347 1445 624 1534 Propugnaculum
640 1445 763 1510 miuus:
785 1445 870 1510 dicta
882 1459 930 1510 est
943 1446 1055 1514 oratio.

262 1531 381 1602 onu.0
395 1530 513 1598 habeus
526 1531 647 1596 virilem
660 1533 811 1611 animum,

348 1617 391 1684 Et
404 1639 518 1704 eorpus
531 1616 770 1682 intermulieres
783 1616 944 1700 decorum,

346 1704 454 1782 Quam
467 1703 565 1804 digua
578 1726 611 1768 es
625 1704 723 1788 magis
737 1704 840 1768 vivere
853 1725 948 1806 quam
962 1704 1054 1771 mori.
1264 1720 1377 1782 ι2οο

397 1790 491 1868 ledes,
506 1790 603 1877 igitur
616 1787 813 1854 frustraberis
827 1811 920 1876 miser
933 1792 989 1855 tali

389 1876 494 1954 ubere,
509 1897 642 1962 quacum
656 1875 763 1940 virens
775 1873 907 1944 haberes
920 1873 996 1940 felix
1009 1875 1220 1964 conjugium?

262 1983 335 2030 rm.
347 1962 480 2029 Utinam
494 1983 569 2026 vero
582 1961 648 2038 liat,
663 1973 695 2026 et
709 1961 812 2026 veniat
826 1960 866 2026 ad
881 1962 991 2027 urbem
1008 1962 1218 2045 Pbccuuem,

348 2046 495 2113 Pulchris
509 2047 626 2132 nuptiis
639 2045 812 2113 honorata!

262 2155 340 2202 ons.
350 2133 491 2210 Quando
505 2134 608 2198 veniet
619 2133 658 2198 ad
672 2132 803 2198 domum
818 2133 1017 2198 Hermione?

347 2220 432 2297 Quia
446 2218 566 2304 reliqua
577 2218 695 2296 dixisti,
711 2219 738 2284 si
753 2219 814 2284 boc
827 2219 1017 2296 successerit,

347 2305 481 2391 Optima
492 2305 686 2391 capientibus
699 2305 837 2371 catulum
851 2306 894 2369 im
919 2306 940 2368 ii
953 2304 1060 2391 patris.

261 2413 334 2459 uns.
346 2392 429 2456 Puto
442 2412 518 2457 vero
525 2393 591 2478 jem
605 2413 676 2456 cam
689 2413 755 2456 esse
768 2412 868 2476 prope
903 2412 1024 2470 omum,

348 2476 474 2544 Etenim
489 2477 559 2561 ipsa
571 2477 721 2562 temporis
734 2476 898 2566 longitudo
911 2476 1056 2625 puadrut.

261 2586 336 2632 ons.
417 2577 463 2640 te3
485 2576 521 2628 tu
535 2564 662 2649 quidem
676 2584 771 2641 nunc,
787 2585 875 2628 soror
891 2563 1166 2640 Eecmedomum
1260 2579 1371 2644 1210

379 2661 432 2716 nte
448 2671 587 2727 manens,
602 2657 736 2735 expects
749 2651 861 2733 pedem
874 2648 1022 2737 virginius

346 2736 391 2802 Et
403 2736 546 2816 observa,
561 2735 588 2800 si
602 2737 681 2820 quis,
697 2736 879 2821 priusquam
892 2733 949 2802 fin
962 2733 1072 2814 cedes,

346 2823 413 2888 Aut
428 2822 538 2899 socius,
555 2833 611 2886 aut
623 2819 718 2885 frater
754 2821 830 2886 atris

243 2959 247 2970 .
344 2911 528 2974 Antevertst
541 2906 668 2972 veniens
680 2907 713 2971 in
725 2844 865 2984 (lammis,
876 2907 1001 2972 clamita
1014 2917 1131 2973 verotu
1144 2909 1179 2974 in
1191 2910 1367 3002 domum,

345 2996 413 3059 Aut
426 2991 529 3058 selvas
542 2992 679 3078 pulsans,
695 3006 750 3059 aut
763 2995 889 3058 mittens
902 3013 1077 3059 sermonem
1091 2993 1185 3062 ibtro.

348 3078 417 3143 Nos
429 3100 505 3144 vero
518 3079 669 3144 intrantes
683 3078 724 3144 ad
738 3091 928 3163 postremum
1057 3093 1060 3098 '

347 3164 514 3230 &rumen
530 3187 686 3230 armemus
701 3185 828 3230 manum
843 3185 925 3240 ense,

259 3319 262 3326 ,
347 3249 499 3337 Pylades:
520 3263 556 3316 tu
570 3251 652 3315 enim
663 3251 754 3337 juves
768 3273 819 3316 me
832 3249 866 3314 iu
880 3249 1049 3316 laboribus.

347 3334 380 3402 Ο
393 3350 493 3421 pater,
506 3335 653 3402 babitans
666 3336 794 3402 domum
809 3349 886 3402 atne
898 3336 1010 3414 noetis,
1143 3339 1146 3346 '

345 3421 477 3487 Invocat
490 3435 522 3488 te
536 3421 663 3488 Orestes
677 3422 761 3488 lilius
775 3434 857 3500 tuus,
869 3434 905 3487 ut
918 3422 1024 3488 venies
1037 3423 1207 3489 auxiliator
1260 3439 1369 3502 1220

347 3507 562 3574 Precsntibus.
606 3508 689 3575 Nam
704 3520 832 3595 propter
846 3520 878 3574 te
890 3508 949 3573 ists
962 3509 1065 3594 patior
1077 3509 1173 3576 miser

346 3594 483 3681 Injusce:
506 3608 537 3659 et
550 3594 694 3678 proditus
708 3615 776 3659 sum
790 3617 811 3660 s
824 3608 879 3660 tuo
892 3592 998 3672 fratre,

346 3679 429 3746 Cum
444 3680 525 3745 ’usta
538 3677 679 3745 fecerim:
702 3682 790 3767 cujus
802 3679 875 3744 volo
888 3701 1022 3744 uxorem
1037 3680 1242 3766 prcbndeus

345 3765 417 3831 Inte
457 3787 542 3831 cere:
565 3778 600 3831 tu
614 3788 689 3832 vero
701 3779 769 3830 estc
781 3765 905 3852 adjutor
918 3765 1009 3830 nobis
1022 3767 1057 3831 in
1070 3765 1190 3841 breue.

260 3851 373 3916 runo
387 3864 486 3937 pater,
500 3851 571 3918 veni
584 3851 691 3938 igitur,
706 3852 858 3938 siquidem
873 3851 963 3917 audis
976 3851 1034 3917 sub
1048 3865 1132 3919 terra

345 3936 502 4002 vocantes
514 3937 638 4015 liberos,
653 3940 708 4024 qui
721 3951 777 4004 tua
790 3960 885 4004 causa
898 3937 1085 4004 moriuntur.

261 4043 334 4089 m.
344 4022 377 4087 O
390 4037 524 4110 cognate
537 4023 599 4089 mei
612 4025 720 4110 patris,
734 4025 826 4090 etiam
842 4046 926 4090 mess
939 4045 1055 4110 preces,

349 4109 579 4198 Agamemnon,
593 4109 718 4194 exaudi,
731 4133 820 4178 servs
831 4109 955 4178 liberos.
