2784 4864
656 203 985 274 EURIPIDIS

355 381 529 470 Poetquam
542 401 619 448 aero
631 380 736 448 eurisit
747 380 896 468 spiritum
910 379 1020 446 lethali
1033 375 1074 447 ἐι
1088 379 1304 464 ωῑὲίίωἱ,

354 469 460 535 Nemo
473 468 610 535 eundem
626 466 764 533 babebat
778 467 969 533 Graecorum
982 467 1143 534 laborem:

355 555 421 622 Sed
435 557 493 622 alii
501 575 614 622 eornm
627 566 785 620 mortanam
800 575 843 618 ex
855 556 1002 620 manibus

356 641 538 708 Frondibus
553 641 711 728 petebant,
726 640 779 706 alii
792 655 869 706 vero
882 639 1020 727 impleut
1031 661 1158 728 pyram,

284 813 288 818 Δ
332 811 336 818 ι
356 729 486 816 Stipitee
498 727 674 796 merente
686 727 810 814 pineus,
825 728 882 816 qui
895 749 972 794 vero
984 727 1066 794 nihii
1079 729 1251 797 adferebat
1311 739 1383 802 570

355 815 410 882 Ab
423 814 585 882 adferente
597 813 675 880 talia
687 814 835 880 audiebat
847 814 1007 880 convitias

356 905 440 984 Stes,
454 902 665 990 ignavissime,
680 903 724 966 ud
737 903 879 966 honorem
890 901 986 988 liujus
998 901 1116 987 puellm

357 989 472 1077 Neque
484 987 626 1074 peplum,
642 1001 906 1139 nequuenornatum
921 990 957 1052 iu
971 985 1119 1054 manibus
1131 987 1288 1056 hamne?

357 1072 672 1160 Nonvndtsuiquid
763 1074 1090 1140 ruaraldeauimooe

357 1161 619 1229 Geuernaimimae
632 1158 835 1248 animaeque?
870 1157 965 1226 Talia
978 1161 1021 1226 de
1033 1176 1091 1227 tun
1104 1161 1262 1230 dicebaut

358 1248 441 1315 Filia
452 1261 595 1313 mortua:
619 1246 830 1313 felicissimam
844 1269 921 1313 vero
933 1247 1024 1333 prole
1037 1261 1070 1314 te

356 1334 510 1401 OmnIum
524 1333 692 1399 mulierum
706 1332 1015 1422 infelicissimumqua
1028 1329 1132 1400 eideo.

270 1441 349 1488 cao.
359 1423 484 1487 Saevum
498 1420 658 1508 quandam
669 1419 792 1486 οΙαάειιι
808 1419 978 1486 Priamidie
989 1419 1149 1486 fervefacit

359 1507 508 1597 Urbique
520 1527 621 1572 meoe:
644 1507 737 1572 odiis
751 1507 963 1572 necessarium
978 1507 1040 1573 hoc
1054 1517 1111 1573 est.

272 1595 487 1663 uqufflia:
509 1615 575 1658 uon
590 1593 657 1658 scio
669 1592 712 1659 ad
726 1593 813 1681 quod
826 1594 991 1679 respiciam
1007 1593 1179 1670 malorum,
1308 1601 1375 1660 680

357 1679 474 1748 Multis
487 1679 714 1767 praesentibus:
737 1701 836 1766 quum
849 1679 935 1744 enim
950 1682 1073 1770 attingo
1091 1679 1237 1767 adquod,

357 1767 459 1834 Aliud
472 1788 538 1832 non
552 1767 628 1832 sinit
640 1787 703 1848 me,
717 1781 830 1832 avocat
843 1788 919 1832 vero
932 1767 1008 1832 iude
1020 1787 1130 1832 rursus
1162 1774 1166 1783 '

357 1854 485 1920 Maeror
498 1853 570 1941 quis
583 1853 663 1918 alius
676 1851 911 1919 successoribus
924 1853 1081 1918 mulorum
1094 1851 1201 1918 maiis.

358 1941 403 2006 Et
415 1962 503 2006 uunc
517 1939 646 2026 quidem
660 1952 759 2016 tuam,
774 1961 816 2004 ue
828 1954 965 2026 gemam,
981 1939 1104 2004 cladem

359 2027 462 2092 Haud
476 2047 590 2113 queam
604 2025 709 2091 delere
723 2048 764 2089 ex
777 2039 899 2090 ruente:

357 2112 625 2262 Intemperantiqts
644 2133 720 2176 vero
741 2131 782 2176 ue
802 2130 938 2200 gemam,
960 2111 1023 2176 hoc
1046 2125 1082 2178 tu
1096 2109 1267 2192 'amovisti
1288 2133 1374 2177 uun·

446 2199 524 2264 tiata
538 2200 582 2264 mi
606 2199 618 2263 i

359 2285 534 2352 Generosa.
556 2285 631 2351 Non
647 2285 656 2347 f
682 2284 745 2350 'tur
758 2285 886 2363 mirum,
899 2286 925 2348 si
938 2295 1024 2350 terra
1037 2283 1167 2371 quidem
1181 2283 1282 2361 maia,

358 2371 464 2438 Noctu
476 2371 597 2437 bonum
612 2393 662 2436 coe
674 2387 728 2436 um
743 2371 905 2452 divinitus,
920 2373 1035 2436 bouem
1050 2383 1188 2458 segetem
1204 2369 1292 2447 fert;

359 2459 456 2524 Boua
469 2479 555 2540 vero,
570 2456 718 2523 frustrata
731 2458 769 2522 iis
783 2479 856 2543 quae
870 2457 1077 2523 conveniebat
1090 2459 1258 2545 consequi,

360 2544 488 2610 Maium
500 2543 623 2629 profert
635 2542 800 2608 fructum?
822 2543 911 2608 Inter
924 2543 1068 2609 homiues
1077 2565 1154 2610 vero
1168 2565 1301 2632 semper
1309 2554 1375 2612 590

358 2631 501 2695 Vitioaus
516 2629 596 2694 nibil
610 2629 697 2694 aliud
711 2652 807 2716 quam
822 2630 934 2710 malus,

359 2718 472 2783 Bonus
486 2729 590 2782 autem
605 2715 719 2794 bonus,
734 2739 840 2802 neque
852 2738 921 2802 prae
934 2717 1113 2782 calamitate

359 2804 529 2890 Ingenium
543 2803 660 2889 perdit,
674 2803 730 2868 sed
744 2802 848 2868 bouus
858 2817 905 2868 est
919 2823 1054 2890 semper.

361 2890 526 2956 Numnam
540 2902 686 2974 parentes
700 2905 865 2974 praestant,
881 2912 921 2954 an
938 2887 1165 2956 educationes?

361 2976 473 3042 Habet
485 2978 632 3063 equidem
647 2977 886 3062 quodammodo
899 2991 931 3040 et
945 2977 1091 3042 educatio
1104 2977 1240 3042 honusta

354 3063 551 3130 dioctrinam
565 3061 755 3128 honestatis:
780 3062 865 3127 mod
878 3083 956 3127 vero
969 3063 1069 3148 siquis
1083 3063 1165 3127 bene
1179 3061 1342 3140 didicerit,

361 3149 460 3215 Novit
474 3149 561 3235 quod
575 3161 670 3233 turpe
683 3161 740 3226 est,
757 3163 799 3213 ex
814 3147 924 3235 regula
937 3147 1064 3214 honesti
1079 3171 1291 3237 cognoscens.

360 3235 404 3300 Et
417 3236 489 3304 hren
503 3235 631 3323 quidem
645 3257 735 3299 mens
747 3235 901 3321 ejaculata
914 3248 963 3300 eat
974 3235 1107 3300 frustm:

361 3322 415 3387 Tu
430 3345 518 3403 vero,
534 3325 562 3386 0
580 3323 750 3407 Tatioque,
766 3322 854 3399 vade,
871 3333 903 3386 et
916 3322 1062 3409 significa
1075 3321 1206 3409 Argivis
1219 3321 1314 3388 hnc:

362 3409 413 3473 Ne
427 3410 505 3474 attin
549 3421 562 3473 t
576 3429 680 3474 meam
696 3409 872 3495 quisquam,
890 3408 945 3472 sed
959 3421 1089 3476 arceant
1103 3405 1345 3476 multitudinem

359 3498 391 3562 Δ
404 3495 487 3560 filia:
530 3518 551 3560 n
566 3495 693 3560 infinito
708 3496 793 3559 euim
806 3496 949 3562 exercitu
1308 3505 1365 3564 601

358 3582 523 3650 Indomita
538 3582 632 3647 turba
645 3581 835 3668 naudcuque
848 3581 977 3650 licentia
1349 3595 1355 3606 '

359 3667 539 3818 Violqutior
563 3671 573 3732 i
598 3689 647 3771 ‚⁰⁸
677 3667 778 3733 malus
806 3687 882 3732 vero
912 3669 1040 3732 habente
1066 3667 1122 3753 qui
1151 3682 1220 3732 non
1246 3669 1368 3756 aliquid

459 3773 522 3820 acrt
534 3775 585 3820 ma
611 3803 620 3820 .

360 3838 416 3906 Tu
429 3854 536 3907 autem
550 3842 709 3928 accipiens
724 3861 850 3919 urnam,
866 3842 998 3926 antiqua
1012 3839 1166 3917 ministra,

361 3927 529 4016 Iutiugens
540 3927 628 3992 adfer
642 3927 705 3994 huc
719 3929 834 3994 marini
848 3928 906 3994 suli
920 3926 1049 4014 aliquid,

362 4013 411 4080 Ut
423 4014 521 4079 filiam
535 4014 668 4080 lavacris
682 4017 853 4100 postremis
866 4037 981 4091 meam,

360 4101 517 4186 Sponsam
532 4121 597 4166 uon
613 4123 772 4186 sponsam,
789 4103 1009 4190 virginemque
1021 4123 1087 4168 nou
1103 4100 1275 4186 virginem,

359 4187 491 4264 Larem,
506 4205 847 4275 proponnmquer—ut
861 4188 991 4276 quidem
1006 4185 1106 4276 dignu
1118 4199 1176 4266 aet,
1195 4187 1310 4254 unde?

362 4274 437 4339 Non
453 4294 599 4360 pomum:
623 4276 677 4340 sed
693 4289 729 4340 ut
743 4294 893 4361 possum:
918 4275 994 4362 quid
1010 4275 1096 4340 enim
1112 4287 1206 4362 agam
1215 4274 1278 4340 i-
