2882 4858
668 227 996 334 uunurmrs

381 403 427 472 Et
440 403 500 470 diis
512 425 675 490 nunquam

381 489 845 574 Lete-flammaeonsumptam
857 489 1032 576 placentam

382 578 421 642 lu
436 578 508 666 igne
522 589 697 641 consecret:
720 597 820 640 mecm
836 597 911 640 vero
925 577 1006 642 sciet
1017 577 1125 666 utique

382 663 497 750 Regni,
513 663 602 750 regni

366 753 400 790 ,e
424 752 443 789 e
467 753 485 788 u
508 750 619 814 mica·
647 815 655 832 x

382 834 504 920 Nempe
513 836 579 921 jam
595 832 744 899 accedens
758 835 797 898 ad
813 833 989 900 convivium
1003 835 1089 902 sedit

383 921 481 986 Filius
494 937 525 986 et
539 933 629 1006 peter
642 941 742 984 novus
755 941 920 999 novorum,

382 1007 446 1072 Ubi
454 1008 534 1096 juga
550 1005 693 1071 Parnassi
706 1007 794 1092 rupis
1261 1009 1370 1096 (epod.)

382 1094 406 1159 S
467 1093 549 1158 ulam
564 1110 624 1180 pro
638 1093 773 1157 termino
787 1091 905 1158 habeut
918 1093 1079 1180 aeriasque
1092 1092 1189 1172 sedes,

419 1179 450 1244 bi
466 1179 620 1256 Bacchus,
636 1179 776 1244 ardentes
789 1178 903 1244 tollens
917 1192 973 1244 tae·

381 1263 448 1344 des,
463 1265 603 1330 celeriter
617 1287 665 1329 sa·

381 1349 418 1416 lit
432 1351 604 1439 nocfivegis
618 1373 681 1416 une
695 1371 766 1416 oum
784 1350 927 1418 Bacchis.
1105 1420 1109 1440 Ι

381 1437 512 1502 Utinam
526 1436 579 1502 hio
592 1458 671 1522 puer
685 1457 847 1522 nunquam
864 1436 994 1502 venitin
1010 1457 1111 1501 meam
1126 1437 1296 1514 civitatem,

383 1522 479 1588 Forte
493 1527 646 1588 morietur
659 1521 737 1587 relin
761 1545 838 1586 uene
851 1535 975 1587 aetetem
984 1521 1174 1609 juvenilem!
1314 1531 1372 1590 720

383 1607 523 1674 Gemens
537 1609 621 1672 enim
636 1607 743 1673 civitas
780 1607 887 1674 aberet
902 1621 1087 1693 preteream

383 1695 546 1784 Peregrini
560 1695 778 1764 invectionem.

384 1777 507 1846 Sufficit
520 1781 632 1848 suffieit
647 1782 735 1868 eujus
749 1781 896 1866 princeps
909 1779 969 1846 fuit

385 1867 443 1932 llle
457 1867 534 1932 olim
548 1889 606 1933 rex
623 1865 830 1932 Erechtheus.

297 1951 413 2020 enno
426 1975 520 2018 senex
533 1953 708 2042 paedagoge
723 1952 901 2030 Erechthei,
915 1954 1015 2039 patris

383 2038 451 2104 Mei
488 2040 624 2106 nondum
639 2039 808 2116 existentis,
823 2039 900 2103 dum
914 2053 994 2104 essct
1007 2037 1110 2104 adhue
1123 2038 1156 2102 in
1173 2039 1232 2102 hoc
1244 2037 1324 2116 luce,

382 2063 499 2191 Attolle
513 2129 645 2210 teipsum
662 2126 703 2191 ed
718 2125 781 2190 Dei
795 2125 931 2202 oracula,

386 2211 432 2276 Ut
445 2233 566 2276 mecum
581 2211 706 2288 lteteris,
722 2211 746 2274 si
762 2213 846 2298 quod
863 2210 982 2294 Apollo
997 2211 1066 2276 Rex

384 2295 558 2363 Oraoulum
573 2297 614 2362 de
628 2297 797 2362 liberorum
812 2297 956 2385 genitura
969 2295 1106 2362 dixerit:

385 2381 468 2448 Cium
482 2383 590 2448 amicis
603 2383 688 2448 enim
701 2383 794 2448 dulce
808 2393 931 2448 estesse
943 2381 1151 2461 fortunatum,
1315 2387 1374 2450 7³0
1429 2439 1430 2468 ¹

384 2467 505 2534 Contra
519 2491 593 2533 vero
607 2469 632 2532 ei
646 2467 724 2570 quid
738 2468 884 2534 acciderit
898 2467 982 2546 meli,
998 2468 1084 2553 quod
1100 2467 1191 2545 absit,

382 2553 488 2620 Dulce
500 2565 544 2619 est
557 2555 671 2620 intueri
687 2555 719 2618 iu
734 2555 842 2620 oculos
855 2554 990 2620 hominis
1003 2554 1156 2620 benevoli.

385 2639 457 2729 Ego
470 2641 554 2706 enim
569 2653 611 2719 te,
629 2655 663 2706 ut
678 2653 713 2705 tu
728 2663 853 2728 quoque
865 2640 942 2707 olim
956 2653 1209 2728 memnonem,

384 2725 538 2805 Quemvis
552 2726 681 2792 domins
695 2727 763 2804 dm,
779 2726 850 2792 colo
862 2727 961 2812 patria
975 2727 1056 2794 loco.

300 2831 377 2878 sun.
388 2811 420 2879 Ο
433 2813 510 2892 filis,
526 2813 638 2901 dignos
652 2813 744 2878 cleris
758 2813 926 2878 ma'otibus

385 2897 495 2964 Mores
510 2921 623 2976 serves,
639 2921 740 2986 neque
754 2899 775 2964 d
816 2919 925 2964 eooras

384 2985 483 3062 Tuos,
499 2985 636 3072 antiquie
650 3007 688 3051 ex
701 2985 870 3072 majoribus
885 2985 1123 3074 Aboriginibus.

385 3069 502 3150 Trahe,
517 3075 608 3136 trahe
621 3095 667 3136 me
680 3071 721 3136 ad
735 3072 819 3136 aedes
832 3084 865 3135 et
877 3071 940 3136 duc
954 3092 1015 3135 me.

385 3156 499 3222 Ardua
512 3158 595 3222 enim
612 3157 689 3222 mihi
704 3158 868 3222 vaticinas:
891 3155 1056 3222 senectutis
1069 3168 1173 3220 antem

385 3243 546 3329 Adjuvsns
561 3243 672 3329 pedem
688 3244 730 3308 sis
743 3242 820 3308 milui
835 3243 967 3308 medice.
1317 3247 1379 3308 700
1429 3293 1430 3296 ,

300 3349 374 3394 cns.
387 3329 524 3416 Sequere
537 3351 639 3394 nunc:
661 3329 790 3394 observa
817 3351 855 3393 ue
869 3329 1044 3418 vestigium,
1059 3326 1114 3392 nbi
1127 3347 1240 3412 ponae.

299 3435 377 3482 sau.
389 3413 489 3499 (Ecce
499 3414 524 3498 Ι)
537 3437 593 3502 pes
608 3415 732 3502 quidem
749 3352 869 3495 tulus,
883 3415 1005 3480 animus
1018 3435 1093 3478 vero
1106 3425 1283 3500 promptus.
1429 3463 1430 3468 η

299 3521 377 3568 one.
389 3501 509 3567 Baculo
523 3502 658 3566 innitere
670 3502 704 3565 in
718 3502 892 3566 flexuosum
908 3502 968 3565 iter
981 3515 1084 3566 terre.
1381 3537 1385 3545 ·

299 3607 376 3653 sau.
388 3586 431 3652 Et
444 3586 506 3653 hoc
519 3609 638 3652 caecum
654 3599 709 3666 est,
725 3587 852 3674 quaudo
866 3587 992 3653 exiliter
1080 3584 1183 3650 video.

297 3672 378 3748 'cnm
390 3673 488 3738 Recte
502 3674 627 3739 dixisti:
650 3673 702 3738 sed
718 3697 759 3739 ne
771 3675 897 3740 fatisces
911 3673 1017 3738 lessitu
1041 3673 1103 3736 ine.

281 3777 375 3824 ·suu.
389 3759 463 3824 Non
478 3759 605 3848 quidem
618 3761 736 3838 solens,
753 3761 804 3826 sed
844 3758 907 3824 uod
917 3759 1006 3824 abest
1018 3777 1083 3823 nou
1096 3756 1252 3842 possideo.
1266 3837 1270 3844 ι

299 3861 378 3912 cnut.
389 3844 549 3923 Mulieres,
565 3867 645 3911 meae
660 3846 731 3927 teloe
745 3859 776 3912 et
848 3845 870 3910 ii

386 3931 476 3997 Fidoe
490 3932 623 4010 ancillae,
639 3954 734 4019 quem
749 3931 907 3998 fortunam
922 3929 1053 4018 adeptus
1066 3929 1197 3994 marinus

382 4017 436 4083 De
450 4017 557 4083 liberis
571 4019 658 4096 obiit,
676 4039 809 4104 quorum
825 4018 927 4107 gratie
941 4019 997 4082 tue
1010 4014 1176 4081 venimus?

384 4101 491 4169 Dicite
507 4105 601 4170 milri:
624 4105 748 4170 sienim
763 4105 847 4170 bone
860 4103 937 4170 mihi
952 4104 977 4168 si
1022 4101 1145 4178 ificatis.
1318 4105 1380 4168 75⁰

384 4189 458 4253 Non
473 4190 504 4253 in
520 4191 657 4278 ingratos
670 4192 815 4257 dominos
829 4187 968 4255 conferes
994 4188 1135 4255 aetitiam.

297 4285 375 4340 erto.
385 4272 418 4339 0
430 4273 577 4342 fortunsl
