2784 4864
179 224 181 232 ’
237 215 275 271 12
620 201 949 271 EURIPIDIS

319 379 404 456 Quae
420 397 495 441 vero
510 375 573 440 dixi
587 375 672 461 apud
687 397 807 458 omnes,
821 399 885 441 non
902 375 1036 466 negabo,
1113 437 1117 448 .
1274 389 1349 446 300

317 463 418 550 Troje
429 475 533 612 cepta,
544 463 619 526 lriro
632 461 784 546 primerio
797 463 953 529 exercitus
999 487 1002 494 ’

317 551 424 615 Tuam
439 549 460 612 fi
475 549 536 614 'sm
551 548 688 612 dandam
705 571 771 612 esse
785 549 943 614 victimam
959 549 1144 636 postulanti.

317 639 358 702 In
372 638 434 700 hoc
447 635 532 700 enim
547 633 693 699 laborent
706 634 814 699 multae
828 635 932 713 urbes,

318 721 459 800 Quando
473 723 542 807 quis
556 719 661 786 bonus
672 733 704 784 et
718 735 864 786 strenuus
878 723 1015 787 existens
1028 723 1078 786 vir

299 826 302 835 ·
316 808 408 874 Nihil
421 807 543 872 auferet
555 807 676 895 ignavis
690 807 836 891 amplius.
1185 855 1189 866 .

317 895 420 960 Nobis
435 907 540 959 autem
558 892 692 956 Achilles
706 893 821 980 dignus
834 893 966 972 honore,
982 893 1015 959 O
1029 895 1154 973 mulier,

317 980 470 1047 Mortuus
483 1001 543 1066 pro
557 991 642 1044 terre
653 978 767 1044 Graecu
780 978 997 1044 honestissime
1010 981 1067 1045 vir.
1091 1028 1094 1037 Α

317 1071 370 1132 An
386 1087 451 1130 non
466 1065 527 1130 hoc
540 1078 632 1150 turpe
646 1077 702 1141 est,
717 1067 753 1144 si,
769 1065 894 1130 vidente
908 1066 1047 1152 quidem,
1064 1067 1158 1132 amici
1171 1067 1246 1134 loco

318 1153 502 1228 Habemus3
525 1173 623 1238 quum
634 1172 710 1216 vero
723 1151 849 1229 interiit,
864 1173 929 1215 non
945 1151 1103 1237 amplius?

316 1239 482 1327 Agedum:
505 1238 656 1324 quidnam
671 1237 757 1302 diost
766 1238 848 1324 quis,
859 1239 885 1301 si
899 1259 963 1324 qua
972 1239 1089 1302 iterum
1098 1253 1256 1326 appareat
1268 1251 1340 1308 810

316 1325 545 1410 Exercitusque
559 1323 714 1404 collectio,
729 1323 930 1409 hostiumque
943 1337 1102 1389 certamen
1114 1329 1126 1390 l

316 1412 437 1477 Utrum
451 1410 650 1487 certabimus,
664 1431 704 1473 an
720 1410 917 1475 consulemus
931 1410 1015 1488 vite,

316 1497 485 1564 Mortuum
499 1495 639 1562 videntes
652 1517 718 1559 non
727 1495 875 1561 ‚habitum
888 1497 922 1560 in
936 1495 1080 1562 honore?

315 1585 417 1670 Atqui
431 1581 510 1646 mihi
524 1582 651 1668 quidem
667 1583 784 1646 viventi
798 1583 829 1646 in
846 1583 923 1664 dies,
1004 1629 1007 1636 ·

314 1671 387 1736 Etsi
443 1691 501 1734 ucs
513 1668 659 1744 habeam,
675 1668 782 1732 omnis
795 1668 968 1732 sufficient:

316 1758 401 1842 Sepu
414 1753 526 1819 chrum
540 1767 647 1819 autem
662 1777 683 1817 o
705 1753 796 1818 turim
811 1753 1002 1819 honoratum

314 1842 429 1942 Meum
444 1840 600 1927 conspici:
625 1840 663 1904 In
682 1775 816 1927 longum
837 1842 921 1905 enim
942 1852 1057 1926 tempto
1070 1845 1166 1908 ἀκταί
1179 1843 1246 1910 hoc
1260 1846 1335 1910 offi-

398 1950 492 1993 crum.

315 2015 350 2080 Si
362 2035 437 2078 vero
451 2013 627 2078 miserande
638 2037 759 2098 passam
773 2028 804 2078 te
814 2015 900 2092 dicis,
912 2014 982 2080 haec
993 2015 1129 2080 vicissim
1139 2016 1217 2081 sudi
1229 2041 1250 2082 a
1261 2041 1330 2084 me:

190 2171 198 2188 ⁸
316 2102 398 2166 Sunt
412 2101 497 2185 apud
511 2121 570 2163 nos
583 2121 648 2164 non
664 2100 767 2166 minus
781 2099 919 2166 infelices

313 2186 439 2251 Vetulae
453 2185 608 2264 mulieres,
623 2200 656 2251 et
670 2186 787 2264 Vetuli,
802 2209 897 2274 quum
913 2201 959 2267 tu,
1262 2198 1333 2266 320

315 2274 511 2360 Sponsaeque
524 2273 789 2357 praestentissimis
803 2275 927 2358 sponsis
940 2273 1070 2350 orbutae,

313 2359 462 2436 Quorum
477 2359 565 2424 hicce
579 2359 696 2424 occulit
709 2381 843 2444 corpora
857 2359 1014 2444 Trojanus
1027 2360 1139 2446 pulvis.

314 2444 426 2510 Perfer
439 2445 527 2511 haec:
551 2445 618 2509 Nos
632 2467 716 2522 vero,
732 2447 756 2508 si
772 2445 852 2510 male
866 2448 1031 2510 statuimus

315 2531 487 2596 Honorare
499 2531 623 2610 fortem,
639 2531 773 2596 inscitiae
787 2533 831 2596 rei
845 2534 979 2598 crimus:

318 2619 374 2682 Vos
389 2617 515 2684 barbari
530 2640 587 2682 oro
601 2639 704 2704 neque
717 2619 835 2682 amicos
848 2639 910 2704 pro
925 2619 1034 2683 amicis

252 2749 253 2752 =
311 2703 441 2782 Ducite,
456 2727 559 2790 neque
573 2705 702 2769 honeste
715 2718 857 2769 mortuos

311 2789 533 2872 Admiramini,
547 2803 583 2854 ut
598 2790 727 2855 Graecis
741 2791 869 2877 quidem
884 2791 1015 2856 feliciter
1029 2794 1105 2880 ugit,

312 2876 379 2940 Vos
393 2889 498 2941 sutem
514 2875 675 2960 perferatis
689 2873 897 2942 consentanee
911 2879 1020 2942 vestris
1033 2878 1184 2944 consiliis.

226 2984 304 3030 ceos
314 2962 378 3042 Ah,
393 2963 450 3040 ah;
472 2984 567 3049 quam
581 2962 666 3027 mala
679 2985 802 3048 semper
815 2973 863 3028 est
878 2964 997 3028 servilis
1010 2965 1161 3043 conditio,

313 3049 514 3136 Sustinetque
527 3071 600 3135 quae
613 3071 679 3114 non
692 3063 828 3134 oportet,
844 3050 978 3134 pervim
993 3052 1086 3118 victa.
1262 3063 1327 3121 330

226 3135 339 3201 nsoO
354 3135 429 3212 filis,
445 3135 507 3201 mei
522 3135 649 3222 quidem
663 3157 823 3200 sermones
837 3139 870 3201 in
884 3159 988 3200 serem

311 3221 480 3300 Abierunt,
495 3220 611 3286 frustra
624 3223 756 3308 projecti
770 3222 812 3288 de
825 3236 880 3288 tua
894 3222 999 3288 caede:

310 3307 364 3374 Tu
378 3331 453 3372 vcro
468 3311 493 3374 si
507 3309 657 3393 majorem
673 3308 858 3394 potentium,
873 3331 968 3396 quam
982 3323 1093 3388 mater,
1108 3309 1219 3390 haben

310 3393 476 3476 Anuitere,
488 3395 684 3484 omnigenos,
700 3395 786 3460 velut
800 3396 942 3460 lusciniae
956 3418 1002 3474 os,

311 3482 413 3546 Sonos
427 3482 581 3559 emittens,
597 3503 637 3546 ne
650 3482 784 3567 priveris
797 3482 871 3548 vitu.

309 3567 443 3631 Procide
456 3590 531 3633 vero
544 3567 763 3652 miserabiliter
776 3567 870 3654 hujus
886 3567 1007 3656 Ulyssis
1022 3568 1062 3632 ud
1076 3589 1172 3650 genu,

309 3653 353 3718 Et
366 3655 539 3802 persuade3
563 3652 675 3734 [hebes
689 3675 763 3718 vero
777 3656 991 3730 occasionem
1012 3665 1086 3718 sunt
1099 3653 1186 3718 enim
1200 3654 1296 3722 liberi

309 3739 352 3804 Et
391 3740 468 3820 uic,]
483 3753 548 3804 tuae
563 3753 598 3804 ut
611 3741 795 3805 misereatur
807 3740 953 3806 fortunus.

223 3847 295 3892 rou.
305 3824 409 3889 Video
423 3839 465 3902 te,
483 3826 520 3890 Ο.
531 3825 672 3912 Ulysses,
688 3826 833 3892 dextram
848 3827 907 3892 sub
922 3839 1006 3892 veste

308 3911 531 3977 Occultsntem
545 3933 685 3990 manum,
698 3925 729 3978 et
742 3913 852 3979 furiem
867 3925 1039 3978 retrorsum
1259 3925 1324 3982 sto

308 3998 502 4075 Vcrtentem,
518 4021 558 4064 ue
573 4013 664 4066 tuum
676 3999 830 4088 attingam
844 4013 995 4065 mentum.

284 4083 534 4235 .Bono1nnimo
562 4101 645 4152 esto:
682 4087 816 4176 effingisti
843 4109 947 4152 meum
973 4083 1151 4171 supplicum
1177 4099 1321 4154 tutorem

297 4227 301 4236 ,
414 4192 521 4237 ovem:
