2862 4864
616 183 960 276 eunmme

333 359 397 426 Sed
406 359 473 446 jem
489 379 553 422 uon
569 379 615 422 est
628 357 903 444 amplia-Qu*
916 381 1005 426 meae
1014 383 1113 448 gener

331 443 528 512 Admovebet
542 466 666 530 semper
679 442 737 522 ori,
752 457 784 510 et
797 445 860 509 hoc
872 460 969 532 ceput

333 532 479 597 Tenebat
491 553 605 594 manu:
628 529 707 595 nihil
721 531 805 596 enirn
820 530 944 597 dulcius
960 545 1005 598 ert
1018 535 1102 620 petri

334 620 409 684 Seni
423 641 518 718 quem
533 615 614 682 filie:
636 617 849 682 masculorum
863 619 948 682 euim
961 631 1028 684 eunt
1040 621 1261 708 generosiora

332 705 454 781 Animi,
470 704 524 770 sed
539 704 643 768 minus
655 702 763 768 dulces
776 703 816 767 ed
829 701 1008 770 blandities.

332 789 408 855 Non
422 812 517 875 quam
531 790 694 855 celerrime
708 791 805 878 igitur
818 789 980 858 abduoetis
993 815 1045 858 me
1059 791 1202 874 domm

333 875 551 962 Tenebrisque
564 876 704 953 tradetis,
719 877 774 941 ubi
788 874 893 942 inedie
907 899 1012 943 meum

332 965 457 1048 Corpus
471 963 567 1026 senile
581 961 752 1028 tabefactus
766 961 924 1048 perdam?
1250 975 1339 1034 1110

334 1048 422 1124 Quid
436 1071 488 1114 me
496 1048 621 1135 juvabit
635 1049 818 1136 contingere
832 1073 902 1114 ossa
914 1047 1012 1114 filine?

335 1134 368 1199 O
381 1135 590 1200 ineluctabilis
603 1149 755 1214 senectus,
771 1157 865 1220 quum
881 1136 978 1200 teudi
993 1139 1000 1200 !

335 1219 401 1286 Odi
415 1223 520 1299 etium,
535 1235 691 1370 quotquot
705 1222 815 1286 volunt
828 1222 997 1288 extendere
1010 1223 1118 1302 ritem,

334 1306 460 1372 Balneis
474 1327 506 1372 et
520 1323 626 1394 strugu
641 1309 665 1370 's
681 1323 713 1382 et
726 1308 857 1396 magicis
872 1307 992 1373 ortibus

334 1393 540 1458 Advertentes
554 1396 619 1459 vitu
634 1415 771 1472 cursum,
781 1416 822 1458 ne
835 1396 1031 1460 morientur:

333 1478 425 1554 Quos
438 1479 615 1565 oportebat,
629 1481 757 1566 quondo
772 1479 850 1544 nihil
860 1480 1014 1566 juvabunt
1030 1481 1285 1568 Rempublicnm,

335 1563 484 1715 {dortuoe
500 1565 611 1652 perire,
626 1578 659 1630 et
672 1588 690 1630 e
703 1565 808 1630 medio
822 1565 932 1632 cedere
940 1568 1129 1654 junioribus.
1239 1617 1244 1622 -

250 1672 326 1717 sun.
355 1674 385 1715 o.

335 1736 420 1804 Hree
433 1736 572 1803 filiorum
586 1760 659 1804 ecoe
666 1740 734 1825 jam
747 1749 1005 1824 consumptorum

335 1823 620 1890 Ossuefferuntur:
641 1823 836 1910 prehendite,
852 1822 988 1902 famuler,
1250 1835 1341 1894 1190

335 1913 445 1975 Anum
459 1910 794 1990 infirmum‚-nullurn
809 1911 894 1976 enim
908 1913 989 1977 inest

336 1997 451 2062 Robur
465 2009 596 2083 propter
610 1997 731 2062 luctum
747 1996 929 2062 filiorum—

335 2081 427 2148 Adeo
439 2082 573 2171 longum
589 2085 737 2168 temporis
751 2084 887 2166 spatium
904 2084 1068 2159 viventem,

337 2166 639 2256 Liquesoentemque
651 2169 758 2236 multis
772 2169 943 2234 doloribus.

336 2253 434 2331 Quod
448 2257 533 2320 enim
548 2255 729 2320 hominibus
745 2257 843 2341 majus
856 2253 918 2320 hoe

335 2338 462 2405 Melum
476 2342 627 2418 invenias,

334 2426 442 2502 Quum
456 2427 572 2493 intueri
588 2441 729 2492 mortuos
743 2426 881 2493 liberos?

249 2533 327 2578 rue.
338 2512 432 2590 Fero,
450 2511 516 2578 fero
577 2553 579 2558 -
1202 2521 1274 2600 (etr.
1291 2519 1339 2596 1.)

335 2598 369 2664 Ο
383 2600 495 2664 misera
508 2611 620 2677 metor,
634 2622 676 2664 ex
692 2622 772 2686 rogo
786 2600 928 2666 membru
941 2601 1049 2686 petris,

335 2685 466 2750 Pondus
480 2687 608 2773 quidem
623 2709 687 2750 non
702 2685 769 2751 leve
783 2700 910 2773 propter
924 2687 1060 2764 dolores,
1254 2697 1342 2755 1180

334 2772 374 2836 In
390 2772 513 2860 exiguo
526 2795 602 2838 vero
614 2773 712 2838 loculo
725 2796 796 2838 mee
810 2774 917 2838 omnio
931 2793 1133 2860 componens.
1245 2853 1249 2858 Ι

249 2877 327 2924 seu.
334 2857 412 2936 Hei,
428 2857 498 2924 hei!

333 2946 405 3009 huo
418 2957 522 3044 gestes
535 2945 645 3010 chores
659 2944 836 3033 lachrymas

335 3028 436 3096 Mutn
452 3043 660 3108 mortuorum,

336 3115 561 3218 Exiguumque
575 3118 700 3203 copiam
715 3119 828 3182 cineris
842 3139 901 3203 pro
915 3119 1099 3203 eorporibus

333 3201 455 3268 Eorum
471 3224 524 3289 qur
541 3202 668 3268 fuerunt
682 3204 758 3269 olim
772 3205 850 3270 olari
865 3204 1022 3292 Mycenis.

248 3287 441 3373 runPapae,
459 3287 575 3375 Pupoe!
1197 3295 1280 3374 (ont.
1294 3295 1338 3374 l.)

334 3375 406 3462 Ego
421 3398 496 3440 vero
509 3376 604 3442 miser
618 3375 747 3442 orbatus
763 3376 876 3442 misero
889 3389 988 3460 petre,

334 3462 503 3548 Accipieus
517 3461 673 3528 desertum
689 3463 821 3528 domum
835 3463 937 3526 vivum
952 3461 1058 3539 orbus,

335 3546 409 3613 Non
425 3548 456 3612 iu
474 3548 619 3614 munibus
634 3551 732 3634 putris
746 3548 801 3637 qui
814 3571 860 3614 me
872 3549 991 3637 genuit.
1256 3558 1343 3616 1140

247 3631 421 3711 eru.Heu‚
437 3632 521 3700 heui

333 3719 399 3784 Ubi
413 3742 489 3786 vero
503 3733 549 3786 est
563 3720 653 3784 labor
671 3742 813 3786 meorum
826 3719 975 3798 filiorum,

333 3804 401 3870 Ubi
414 3819 562 3892 portuum
577 3807 690 3896 gretie,

332 3891 376 3956 Et
389 3891 535 3960 edueetio
548 3906 703 3972 materne,
716 3906 748 3959 et
761 3895 921 3959 insomnia
935 3892 1099 3959 oculorum
1114 3891 1226 3957 munia

331 3976 376 4042 Et
389 3979 496 4046 duloes
502 4003 584 4113 brie
590 3983 678 4110 ⁰³*oe
691 3979 940 4104 pplicatione?

331 4148 505 4302 Abieffi
536 4176 600 4220 non
623 4151 769 4240 emplius,
793 4154 826 4219 0
847 4167 957 4230 meter,
980 4153 1036 4218 tibi
1059 4165 1131 4216 suut
1152 4151 1343 4322 superstite?

426 4259 435 4300 1
494 4237 521 4302 ἐ
1202 4243 1268 4322 (su.
1285 4247 1320 4304 9.
