2828 4864
259 215 322 278 172
633 205 959 274 EURIPIDIS

342 381 434 458 Fere,
449 401 491 444 ne
503 399 693 466 quemquam
708 378 827 466 alloqui
840 392 980 464 possem,

344 467 413 532 Nec
426 489 464 531 ex
478 464 533 528 illo
548 488 655 532 vocem
670 467 786 530 iterum
801 465 952 549 accipere.

340 553 437 618 Nunc
452 573 525 616 vero
539 551 631 616 malae
646 551 773 636 quidem
788 553 927 616 mallee
940 550 1023 616 mala
1036 550 1121 616 intus
1134 552 1262 640 agitant

340 636 492 715 Consilia,
510 636 591 702 foras
604 641 680 702 reio
695 638 829 702 efferunt
841 637 966 702 ancille

343 724 392 790 Ut
405 737 437 788 et
452 738 487 788 tu
501 724 593 788 nobis
606 724 714 808 putris,
731 723 763 788 0
777 721 940 788 aceleserm
952 737 1060 808 eaput,

342 809 513 875 Lectorum
528 811 718 874 iuoestorum
733 810 844 873 venisti
858 808 900 873 ad
912 808 1032 874 foedera
1045 809 1264 876 concilianda:

342 896 427 972 Qure
440 897 552 960 scelera
565 919 626 983 ego
639 896 809 960 fluentibus
821 896 912 981 aquis
925 895 1113 982 abstergam,

342 983 383 1048 In
396 1003 486 1046 aures
501 983 652 1068 iujicieus.
696 981 870 1058 Quomodo
886 983 983 1069 igitur
999 1003 1049 1046 mc
1063 981 1212 1048 haberem
1228 981 1350 1062 malus,

342 1069 420 1146 Qui,
436 1089 477 1132 ne
489 1090 589 1154 purus
602 1067 730 1156 quidem
743 1088 813 1132 esse
826 1067 944 1144 videor,
959 1067 1009 1132 his
1022 1065 1162 1134 auditis?
1279 1079 1347 1136 6⁵1

343 1153 448 1220 Probe
462 1169 566 1220 autem
582 1157 634 1220 lroc
648 1155 736 1230 scias,
751 1166 783 1219 te
795 1175 866 1216 mea
879 1153 981 1238 pietas
994 1152 1247 1232 semee'mulier.
1346 1224 1353 1238 ,

342 1240 415 1305 Nisi
427 1241 521 1389 ¹puina
540 1239 750 1328 jurejurando
774 1240 906 1304 deorum
932 1241 1077 1306 incautus
1100 1263 1199 1306 essem
1225 1240 1351 1327 deprc·

451 1349 543 1390 ensus

341 1412 516 1499 Nunquam
532 1374 583 1476 rire
596 1411 832 1487 continuissent,
848 1411 925 1499 quin
940 1411 1078 1476 dicerem
1092 1410 1162 1476 brec
1174 1412 1274 1497 patri.

343 1499 535 1648 Nuurpupero
556 1519 595 1562 ex
616 1496 738 1562 cedibus
758 1497 897 1584 quidem,
917 1497 1069 1584 quamdiu
1096 1516 1228 1586 peregre
1250 1512 1351 1566 extra

471 1607 507 1649 oc
520 1597 636 1648 terram

342 1669 483 1734 'l’lreseus
489 1667 599 1752 suerit,
614 1668 721 1746 abibo,
737 1668 831 1733 tacite
843 1691 918 1734 vero
931 1669 1163 1736 continebImur
1176 1691 1223 1734 os.

344 1756 470 1820 videbo
484 1769 588 1820 nutem
604 1755 704 1840 patris
718 1777 850 1819 reuersus
863 1756 1006 1840 pedibus,

344 1841 517 1919 Quomodo
530 1843 633 1927 ipsum
648 1842 689 1904 sis
703 1842 881 1926 inspectura
890 1853 922 1906 et
935 1855 971 1904 tu
985 1855 1017 1906 et
1029 1839 1159 1906 domina
1171 1853 1244 1908 tua:

344 1928 451 1993 Tuam
464 1943 569 1994 autem
583 1926 747 1993 audaciam
754 1925 824 2011 jam
837 1943 985 2013 expertus
999 1949 1196 2014 cognoscam.

332 2014 496 2082 ‘Pereatia
541 2013 712 2099 Nunquam
727 2035 803 2077 vero
816 2015 890 2078 odio
903 2013 1033 2078 satiatus
1045 2013 1188 2078 desinam
1200 2013 1309 2078 odius

344 2099 507 2176 Mulieres,
522 2120 624 2184 neque
638 2099 666 2162 si
680 2099 750 2183 quis
764 2098 848 2163 dicat
865 2121 916 2164 me
929 2101 983 2164 tec
995 2121 1118 2185 semper
1131 2099 1255 2166 dieue:
1278 2109 1344 2168 661

346 2187 430 2250 Nam
443 2185 585 2271 profecto
598 2197 630 2250 ct
643 2184 707 2248 ittae
721 2205 844 2268 semper
857 2200 931 2249 suut
946 2185 1047 2250 malae.

344 2272 411 2336 Aut
425 2291 511 2336 nunc
524 2293 576 2335 cas
589 2270 703 2336 doceat
717 2270 829 2356 uliquis
843 2284 944 2336 metas
957 2293 1034 2347 esse,

341 2358 411 2421 ‘Aut
423 2379 475 2420 me
488 2379 616 2443 quoqne
629 2357 712 2420 sinat
724 2358 758 2420 in
774 2355 841 2420 illes
854 2355 961 2421 invehi
974 2378 1105 2444 semper.

144 2477 151 2486 ·
261 2464 336 2510 cno.
347 2440 489 2508 Infelices
504 2441 536 2508 O
550 2443 699 2506 miserum
858 2491 863 2500 .
1247 2445 1351 2528 (m.)

346 2527 521 2593 Mulierum
535 2527 632 2593 latum
647 2527 655 2592 l

345 2614 451 2691 Quam
462 2615 530 2700 jam
544 2627 655 2693 artem,
670 2628 726 2680 aut
737 2614 892 2680 rationem
906 2613 1070 2696 habemus,

346 2699 528 2778 Frustrstoe,
543 2701 584 2766 ud
598 2700 832 2766 dissolvendum
845 2700 963 2765 nodum
980 2703 1067 2786 lcrjur
1079 2701 1283 2789 urgumtil

257 2786 482 2852 enmLuimua
495 2790 620 2854 meritas.
632 2809 751 2873 poenus,
767 2785 799 2852 O
814 2801 908 2863 terra,
922 2799 955 2851 et
967 2785 1026 2852 lux
1041 2783 1049 2850 l

345 2873 495 2950 Quonam
509 2872 633 2961 fugiens
646 2873 752 2938 vitabo
759 2883 927 2956 precam
941 2869 1156 2938 calamitates?
1280 2879 1352 2942 670

346 2959 519 3036 Quomodo
534 2981 622 3034 vero,
637 2960 669 3024 0
684 2959 799 3036 charra,
815 2959 925 3024 celabo
938 2957 1081 3024 malum?

344 3045 427 3122 Quis
440 3045 518 3110 deus
531 3046 702 3110 auxiliator
716 3057 771 3110 aut
785 3045 855 3132 quis
869 3044 1032 3110 hominum

252 3195 260 3202 .
341 3130 488 3217 Adjutor‚
504 3145 560 3196 aut
573 3133 728 3217 particeps
741 3132 929 3217 injustorum
943 3128 1121 3194 facinorum

342 3217 542 3302 Apparebit?
564 3239 638 3282 nam
652 3217 713 3282 boc
726 3233 871 3282 nostrum
885 3219 958 3282 vitre
971 3215 1090 3280 malum

345 3301 488 3367 presens
502 3301 723 3386 inexplicabile
736 3303 832 3368 venit.

345 3387 378 3454 Ο
392 3411 451 3476 ego
462 3391 639 3454 miserrima
651 3393 782 3454 omnium
796 3387 983 3454 mulierum!

259 3495 338 3540 cuo.
345 3475 431 3552 Heu,
447 3473 528 3541 heu!
553 3489 657 3541 ectum
672 3489 729 3550 est,
745 3497 805 3539 nec
819 3476 905 3539 eninr
919 3485 1135 3540 sumerent
1147 3485 1243 3550 artes,

345 3559 428 3626 Ture
442 3561 578 3642 ancillae,
594 3561 626 3628 O
640 3561 780 3636 domina,
795 3559 878 3626 male
892 3581 965 3624 vero
979 3583 1012 3626 se
1026 3581 1076 3624 res
1091 3559 1193 3624 habet.

260 3646 383 3712 numo
397 3649 543 3732 pessime,
558 3663 590 3712 et
604 3649 785 3731 corruptrix
800 3647 985 3723 acdeorum,
1212 3645 1220 3656 '

344 3733 430 3810 Quae
444 3731 542 3798 iecisti
557 3733 653 3798 mibi!
677 3734 802 3818 Jupiter
814 3747 847 3797 et
861 3744 951 3818 pater
965 3751 1055 3796 meus
1280 3741 1357 3802 680

347 3819 463 3884 Perdat
476 3819 636 3896 radicitus,
651 3819 783 3884 fulmine
796 3819 983 3904 percutiens.
1015 3881 1021 3892 ,

345 3905 461 3968 Nonne
475 3904 543 3970 dixi
556 3927 597 3969 an
613 3926 678 3968 non
693 3927 752 3990 pro
766 3921 821 3968 tua
835 3917 940 3968 mente
953 3902 1114 3990 prospexi,

346 3988 394 4054 Ut
407 4003 526 4056 taceres
541 4015 588 4069 eu,
604 4005 821 4077 propterque
835 4011 923 4054 nunc
936 4011 997 4074 ego
1012 3987 1094 4054 male
1106 3985 1255 4072 affligor?
1290 4007 1297 4016 ·

344 4073 398 4140 Tu
413 4095 486 4174 vero
503 4098 567 4142 nou
589 4077 779 4142 sustinuisti:
802 4075 1007 4162 quamobrem
1030 4097 1095 4140 non
1116 4075 1256 4160 amplius
1276 4075 1361 4166 glo-

431 4182 522 4226 rroare

344 4245 537 4314 Morientur:
560 4247 616 4314 scd
630 4270 711 4333 opus
725 4261 772 4318 cst
787 4247 941 4334 mihijum
958 4247 1047 4312 noris
1062 4246 1248 4312 rationibus.
