2882 4858
291 229 354 289 ’422
684 219 994 290 EURIPIDIS

374 393 474 472 Quod
488 405 594 459 cutem
606 395 646 471 tit
659 415 785 460 neoeece
796 395 866 474 tibi,
881 395 946 461 boc
959 395 1033 461 volu
1045 395 1161 476 dicere,
1176 395 1234 463 boe

375 484 517 559 Servare,
533 480 789 569 quondoquidem
804 481 878 546 hnic
891 495 984 550 terrie
997 503 1115 568 praee:

373 567 519 633 Pittheus
534 564 708 647 eriimfiliue
720 579 767 632 eet
781 567 918 654 Pelopis,
932 591 974 634 ex
988 569 1116 634 Pittheo
1129 591 1205 634 vero

374 653 505 732 AEtbre,
520 667 611 740 peter
624 675 699 717 rero
714 675 754 717 ex
767 653 828 718 hec
842 655 981 720 nescitur
994 668 1068 720 tuus

372 737 522 806 Theseus.
554 740 677 805 Rursus
689 761 765 805 vero
777 751 879 822 repeto
895 743 947 806 tibi
961 742 1073 807 borum
1087 763 1195 830 geone

361 825 532 892 ‘Hercules
546 838 614 891 eret
626 826 715 890 Jovis
728 841 760 890 et
774 826 937 892 Alcmeuoe
950 827 1044 908 lilius,

373 912 460 978 Hoec
473 933 549 978 vero
566 911 693 998 Pelopis
708 911 774 975 lilia
786 925 878 978 nete:
900 935 975 1000 ergo
988 913 1169 979 consobrini
1300 917 1353 974 210

373 999 516 1065 Fuerunt
530 1013 602 1064 tuuc
615 1011 707 1085 peter
720 997 880 1063 ethorum
893 1013 995 1085 peter.

372 1085 510 1172 Attingis
525 1085 620 1173 igitur
635 1085 680 1149 sic
694 1083 753 1148 boe
767 1106 891 1168 genere,
908 1085 941 1152 Ο
956 1085 1188 1173 Demophoon:

372 1171 456 1248 Quae
470 1193 545 1235 vero
557 1181 711 1255 preterea
724 1184 816 1236 extre
828 1172 1049 1259 cognationem
1061 1185 1095 1238 te
1107 1184 1233 1258 oportet

371 1257 556 1323 Persolrere
569 1256 655 1334 filiis,
670 1255 774 1322 dicem
789 1257 863 1322 tibit
886 1258 947 1322 Aio
960 1259 1044 1323 enim
1059 1257 1220 1346 quondum

371 1343 482 1410 Socius
510 1343 719 1430 navigationis
746 1341 840 1407 fuisse
869 1342 1005 1424 Theseo,
1034 1367 1108 1410 cnm
1136 1344 1252 1410 borum
1281 1337 1353 1408 Petri

455 1451 552 1494 essem
567 1427 704 1506 scutifer,

369 1515 421 1582 Ad
433 1517 588 1598 petendum
603 1514 774 1593 baltheum,
790 1517 845 1602 qni
858 1514 918 1582 suit
931 1537 1025 1581 cenue
1035 1514 1352 1586 multemm-cndiun,
1421 1497 1422 1580 l

371 1599 515 1668 Reduxit
528 1618 634 1666 eutem
649 1603 727 1666 idern
741 1623 782 1666 ex
795 1603 870 1667 atris
886 1601 1030 1667 Plutonis
1045 1603 1218 1668 recessibus
1421 1601 1422 1620 ¹

371 1688 498 1754 Patrem
514 1701 621 1753 tuum:
645 1688 706 1752 hoc
720 1700 787 1752 totu
802 1687 930 1753 Graecie
942 1700 1084 1754 testatur.

370 1775 433 1840 Pro
446 1774 560 1862 quibus
574 1775 706 1840 reddere
721 1789 753 1839 te
766 1774 818 1838 itti
831 1775 964 1840 vicissim
978 1775 1141 1860 postulent
1152 1776 1296 1861 gratim,

369 1860 599 1938 Nededentur,
615 1877 718 2010 netplrp
732 1861 865 1946 pervim
881 1861 987 1926 e‘Diie
1300 1863 1353 1923 220

370 1946 452 2012 Tuis
465 1949 575 2024 evulsi,
591 1968 672 2031 expe
715 1960 789 2010 ntur
803 1967 842 2010 ex
856 1949 909 2012 hoc
1001 1995 1009 2012 .

367 2031 444 2098 Tibi
465 2033 548 2184 eubip
571 2032 717 2120 privatim
739 2030 800 2097 hoc
820 1969 1032 2118 turpeffiit.
1048 2044 1079 2098 et
1104 2029 1352 2116 (deboneetrtlin

454 2141 494 2183 nr

366 2204 541 2290 Supplices,
557 2205 674 2284 exulee,
689 2205 949 2294 cognatos-hei
964 2206 1040 2271 mibi
1055 2203 1211 2271 melorum
1224 2201 1328 2272 eom!

367 2291 497 2356 Intuere
510 2313 573 2370 eos,
589 2291 797 2373 vide-trahi
812 2314 870 2377 per
883 2293 957 2356 rim.

368 2377 432 2444 Sed
447 2397 527 2465 rogo
540 2390 582 2456 te,
595 2391 628 2442 et
641 2380 731 2444 tertis
745 2379 826 2456 colo,
842 2399 898 2463 per
911 2391 983 2443 tues
995 2399 1108 2443 munuc

365 2462 410 2528 Et
422 2485 482 2548 per
495 2475 647 2541 mentum,
662 2487 703 2528 ue
716 2464 857 2553 negliges

366 2549 462 2614 Filios
475 2549 626 2615 Herculii
641 2551 673 2614 in
688 2571 800 2616 manue
816 2551 1064 2636 tnmeocipiens.

366 2635 416 2702 Sis
429 2657 505 2701 vero
518 2635 580 2701 illis
594 2649 757 2725 cognatus,
770 2637 813 2702 sis
826 2637 959 2719 amicus,

364 2722 471 2800 Pater,
485 2723 591 2804 freter,
605 2722 770 2788 dominus:
792 2723 900 2789 omnic
912 2724 1010 2806 enim·

364 2805 449 2874 Haec
463 2821 538 2874 eunt
548 2810 681 2893 potiore,
694 2831 788 2896 quem
799 2809 831 2873 in
844 2809 1033 2898 Argivorum
1046 2821 1235 2895 potestatem
1244 2806 1349 2874 renite-

278 2915 354 2962 cuo.
365 2895 516 2960 Micertus
530 2919 599 2960 eum
614 2918 675 2984 ego
685 2895 816 2961 eudicus
829 2895 925 2961 hosce
939 2896 1139 2974 calamitates,
1155 2895 1189 2961 0
1204 2917 1273 2962 rex.
1296 2899 1346 2958 281

364 2979 570 3046 Nobilitatem
584 3005 659 3047 vero
673 3005 693 3046 ιι
708 2982 852 3047 Fortuna
865 2983 949 3050 vinci

363 3067 460 3132 Nunc
474 3069 611 3133 maxime
624 3067 705 3132 vidi:
729 3069 781 3132 isti
794 3068 878 3133 enim
893 3091 912 3132 e
925 3082 1016 3154 petre

363 3151 497 3238 Optimo
511 3155 577 3220 neti
591 3167 665 3219 eunt
678 3153 816 3219 infelicet
830 3169 948 3240 proeter
961 3177 1018 3219 sne
1032 3155 1154 3220 merite.

278 3237 447 3304 nnn.Tree
461 3240 649 3306 calamitatis
662 3241 723 3305 vire
736 3262 788 3304 me
802 3253 931 3324 cogunt,

360 3323 393 3390 0
408 3325 505 3403 Iolee,
520 3347 584 3392 non
598 3326 749 3413 repellere
763 3340 833 3392 tuor
847 3326 1002 3413 hospites:

360 3410 459 3488 Quod
497 3412 601 3477 uidem
616 3413 789 3480 maximum
805 3423 858 3491 est,
873 3415 1009 3499 Jupiter,
1024 3411 1065 3478 ed
1079 3413 1170 3500 cujus
1183 3435 1273 3480 erem
1283 3424 1315 3477 tu

360 3435 569 3576 Sedechunc
583 3515 700 3565 coetum
716 3499 833 3564 hebent
847 3500 1017 3585 pullorum,

358 3583 487 3652 Deinde
500 3586 658 3688 cognatio,
673 3600 704 3651 et
718 3585 802 3672 quod
817 3588 906 3672 prius
920 3585 1063 3663 debeam,
1080 3597 1115 3650 ut
1128 3605 1281 3672 prospere

359 3669 502 3738 Fortuna
514 3671 684 3758 hrperrne
697 3685 837 3749 utentur,
852 3675 949 3758 petris
963 3694 1066 3748 ceute,
1295 3677 1349 3734 tto

358 3756 507 3907 Deniqpe
534 3761 603 3844 ipse
630 3759 804 3845 turpitudo,
826 3759 868 3824 de
895 3782 959 3847 que
980 3759 1118 3825 mutue
1139 3769 1267 3844 oportet
1291 3775 1350 3820 ene

442 3867 477 3909 eo
491 3845 609 3924 icitum,

358 3928 392 3994 Si
407 3931 491 4016 enirn
506 3933 686 4017 permittam
701 3932 784 3997 benc
798 3934 829 3996 vi
842 3932 972 4018 spoliari

356 4015 455 4078 Aram
471 4015 512 4080 eb
527 4017 655 4083 homine
668 4018 844 4107 peregrino,
859 4041 923 4084 non
939 4019 1071 4084 liberem

356 4097 498 4165 Videbor
513 4103 654 4170 habitere
668 4115 796 4183 terrem,
813 4107 941 4194 Argivis
955 4117 1060 4170 eutem
1075 4117 1163 4169 metu
1275 4123 1282 4140 ·

355 4181 495 4336 Prodsre
509 4191 681 4276 supplicem
703 4192 849 4277 proxime
861 4205 966 4259 eutem
982 4189 1023 4257 ed
1040 4187 1247 4276 suspendium
1266 4203 1348 4252 ecoe·

462 4285 486 4337 Ii
500 4295 556 4341 res.
