<?xml version="1.0" encoding="UTF-8"?>
<!DOCTYPE html PUBLIC "-//W3C//DTD XHTML 1.0 Transitional//EN"
    "http://www.w3.org/TR/xhtml1/DTD/xhtml1-transitional.dtd">
<html xmlns="http://www.w3.org/1999/xhtml" xml:lang="en" lang="en">
 <head>
  <title>
</title>
<meta http-equiv="Content-Type" content="text/html;charset=utf-8" />
  <meta name='ocr-system' content='tesseract 3.04.00' />
  <meta name='ocr-capabilities' content='ocr_page ocr_carea ocr_par ocr_line ocrx_word'/>
</head>
<body>
  <div class='ocr_page' id='page_1' title='image "./euripidistragoe00mattgoog/euripidistragoe00mattgoog_0093.png"; bbox 0 0 2828 4864; ppageno 0'>
   <div class='ocr_carea' id='block_1_1' title="bbox 245 147 946 226">
    <p class='ocr_par' dir='ltr' id='par_1_1' title="bbox 245 147 946 226">
     <span class='ocr_line' id='line_1_1' title="bbox 245 147 946 226; baseline -0.017 0"><span class='ocrx_word' id='word_1_1' title='bbox 245 167 287 226; x_wconf 82' lang='lat' dir='ltr'>et</span> <span class='ocrx_word' id='word_1_2' title='bbox 614 147 946 219; x_wconf 78' lang='lat' dir='ltr'>EURIPIDIS</span> 
     </span>
    </p>
   </div>
   <div class='ocr_carea' id='block_1_2' title="bbox 243 318 1357 4295">
    <p class='ocr_par' dir='ltr' id='par_1_2' title="bbox 243 318 1357 4295">
     <span class='ocr_line' id='line_1_2' title="bbox 246 318 1353 408; baseline -0.005 -14"><span class='ocrx_word' id='word_1_3' title='bbox 246 349 314 397; x_wconf 75' lang='lat' dir='ltr'>noo</span> <span class='ocrx_word' id='word_1_4' title='bbox 334 325 486 404; x_wconf 82' lang='lat' dir='ltr'>Quonam</span> <span class='ocrx_word' id='word_1_5' title='bbox 496 320 684 388; x_wconf 81' lang='lat' dir='ltr'>modoboe?</span> <span class='ocrx_word' id='word_1_6' title='bbox 698 323 828 408; x_wconf 77' lang='lat' dir='ltr'>quidest</span> <span class='ocrx_word' id='word_1_7' title='bbox 839 318 1025 406; x_wconf 64' lang='lat' dir='ltr'>usqueadeo</span> <span class='ocrx_word' id='word_1_8' title='bbox 1036 319 1155 400; x_wconf 73' lang='lat' dir='ltr'>malm</span> <span class='ocrx_word' id='word_1_9' title='bbox 1165 319 1353 390; x_wconf 66' lang='lat' dir='ltr'>nothus?</span> 
     </span>
     <span class='ocr_line' id='line_1_3' title="bbox 244 405 1356 562; baseline -0.006 -80"><span class='ocrx_word' id='word_1_10' title='bbox 244 435 322 482; x_wconf 78' lang='lat' dir='ltr'>non.</span> <span class='ocrx_word' id='word_1_11' title='bbox 333 413 449 562; x_wconf 46' lang='lat' dir='ltr'>Um}</span> <span class='ocrx_word' id='word_1_12' title='bbox 458 409 588 562; x_wconf 61' lang='lat' dir='ltr'>quigem</span> <span class='ocrx_word' id='word_1_13' title='bbox 603 421 651 474; x_wconf 88' lang='lat' dir='ltr'>eat</span> <span class='ocrx_word' id='word_1_14' title='bbox 666 408 852 489; x_wconf 80' lang='lat' dir='ltr'>maximum,</span> <span class='ocrx_word' id='word_1_15' title='bbox 866 427 932 474; x_wconf 88' lang='lat' dir='ltr'>non</span> <span class='ocrx_word' id='word_1_16' title='bbox 946 405 1045 474; x_wconf 76' lang='lat' dir='ltr'>hebet</span> <span class='ocrx_word' id='word_1_17' title='bbox 1064 410 1141 476; x_wconf 71' lang='lat' dir='ltr'>aaut</span> <span class='ocrx_word' id='word_1_18' title='bbox 1155 407 1356 477; x_wconf 65' lang='lat' dir='ltr'>libdtmtem</span> 
     </span>
     <span class='ocr_line' id='line_1_4' title="bbox 442 519 555 562; baseline 0 0"><span class='ocrx_word' id='word_1_19' title='bbox 442 519 508 562; x_wconf 85' lang='lat' dir='ltr'>tceu</span> <span class='ocrx_word' id='word_1_20' title='bbox 533 519 555 562; x_wconf 89' lang='lat'>1.</span> 
     </span>
     <span class='ocr_line' id='line_1_5' title="bbox 243 579 1356 670; baseline -0.007 -14"><span class='ocrx_word' id='word_1_21' title='bbox 243 609 312 656; x_wconf 80' lang='lat' dir='ltr'>too.</span> <span class='ocrx_word' id='word_1_22' title='bbox 333 586 423 652; x_wconf 79' lang='lat' dir='ltr'>servi</span> <span class='ocrx_word' id='word_1_23' title='bbox 432 597 481 650; x_wconf 82' lang='lat' dir='ltr'>est</span> <span class='ocrx_word' id='word_1_24' title='bbox 489 581 589 670; x_wconf 89' lang='lat' dir='ltr'>(quod</span> <span class='ocrx_word' id='word_1_25' title='bbox 599 581 718 662; x_wconf 78' lang='lat' dir='ltr'>dixisti)</span> <span class='ocrx_word' id='word_1_26' title='bbox 729 603 796 644; x_wconf 89' lang='lat' dir='ltr'>non</span> <span class='ocrx_word' id='word_1_27' title='bbox 805 579 910 646; x_wconf 77' lang='lat' dir='ltr'>diotre</span> <span class='ocrx_word' id='word_1_28' title='bbox 921 579 1060 664; x_wconf 77' lang='lat' dir='ltr'>aliquem</span> <span class='ocrx_word' id='word_1_29' title='bbox 1069 579 1101 644; x_wconf 94' lang='lat' dir='ltr'>id</span> <span class='ocrx_word' id='word_1_30' title='bbox 1113 583 1200 668; x_wconf 92' lang='lat' dir='ltr'>qnod</span> <span class='ocrx_word' id='word_1_31' title='bbox 1209 583 1356 648; x_wconf 67' lang='lat' dir='ltr'>audet.</span> 
     </span>
     <span class='ocr_line' id='line_1_6' title="bbox 244 665 1179 758; baseline -0.009 -18"><span class='ocrx_word' id='word_1_32' title='bbox 244 694 317 740; x_wconf 69' lang='lat' dir='ltr'>aot„</span> <span class='ocrx_word' id='word_1_33' title='bbox 333 672 470 758; x_wconf 82' lang='lat' dir='ltr'><strong>Oportet</strong></span> <span class='ocrx_word' id='word_1_34' title='bbox 482 667 564 734; x_wconf 80' lang='lat' dir='ltr'>ferre</span> <span class='ocrx_word' id='word_1_35' title='bbox 578 668 724 734; x_wconf 77' lang='lat' dir='ltr'>stultitiae</span> <span class='ocrx_word' id='word_1_36' title='bbox 738 667 877 744; x_wconf 84' lang='lat' dir='ltr'>illorum,</span> <span class='ocrx_word' id='word_1_37' title='bbox 892 667 948 754; x_wconf 88' lang='lat' dir='ltr'>qui</span> <span class='ocrx_word' id='word_1_38' title='bbox 960 665 1179 734; x_wconf 74' lang='lat' dir='ltr'>dominentur.</span> 
     </span>
     <span class='ocr_line' id='line_1_7' title="bbox 244 753 1058 838; baseline -0.01 -10"><span class='ocrx_word' id='word_1_39' title='bbox 244 781 315 828; x_wconf 75' lang='lat' dir='ltr'>noc.</span> <span class='ocrx_word' id='word_1_40' title='bbox 333 758 376 823; x_wconf 86' lang='lat' dir='ltr'>Et</span> <span class='ocrx_word' id='word_1_41' title='bbox 390 757 452 821; x_wconf 89' lang='lat' dir='ltr'>hoc</span> <span class='ocrx_word' id='word_1_42' title='bbox 466 755 616 820; x_wconf 85' lang='lat' dir='ltr'>acerbum</span> <span class='ocrx_word' id='word_1_43' title='bbox 631 771 689 832; x_wconf 78' lang='lat' dir='ltr'>eat,</span> <span class='ocrx_word' id='word_1_44' title='bbox 704 753 846 838; x_wconf 76' lang='lat' dir='ltr'>desipere</span> <span class='ocrx_word' id='word_1_45' title='bbox 858 775 930 822; x_wconf 85' lang='lat' dir='ltr'>num</span> <span class='ocrx_word' id='word_1_46' title='bbox 946 753 1058 820; x_wconf 77' lang='lat' dir='ltr'>antitis.</span> 
     </span>
     <span class='ocr_line' id='line_1_8' title="bbox 245 839 1302 926; baseline -0.006 -14"><span class='ocrx_word' id='word_1_47' title='bbox 245 867 317 912; x_wconf 76' lang='lat'><strong>1³01..</strong></span> <span class='ocrx_word' id='word_1_48' title='bbox 335 845 399 910; x_wconf 85' lang='lat' dir='ltr'>Sed</span> <span class='ocrx_word' id='word_1_49' title='bbox 413 842 609 908; x_wconf 79' lang='lat' dir='ltr'>serviendum</span> <span class='ocrx_word' id='word_1_50' title='bbox 624 853 671 908; x_wconf 85' lang='lat' dir='ltr'>eat</span> <span class='ocrx_word' id='word_1_51' title='bbox 683 855 814 926; x_wconf 82' lang='lat' dir='ltr'>propter</span> <span class='ocrx_word' id='word_1_52' title='bbox 828 839 993 912; x_wconf 71' lang='lat' dir='ltr'>utilitatem</span> <span class='ocrx_word' id='word_1_53' title='bbox 1007 852 1120 908; x_wconf 78' lang='lat' dir='ltr'>contre</span> <span class='ocrx_word' id='word_1_54' title='bbox 1131 853 1302 906; x_wconf 72' lang='lat' dir='ltr'>naturum.</span> 
     </span>
     <span class='ocr_line' id='line_1_9' title="bbox 245 925 890 1015; baseline -0.016 -15"><span class='ocrx_word' id='word_1_55' title='bbox 245 953 313 1000; x_wconf 79' lang='lat' dir='ltr'>soc.</span> <span class='ocrx_word' id='word_1_56' title='bbox 334 933 380 997; x_wconf 92' lang='lat' dir='ltr'>At</span> <span class='ocrx_word' id='word_1_57' title='bbox 393 952 463 1015; x_wconf 80' lang='lat' dir='ltr'>epea</span> <span class='ocrx_word' id='word_1_58' title='bbox 477 929 568 994; x_wconf 88' lang='lat' dir='ltr'>alunt</span> <span class='ocrx_word' id='word_1_59' title='bbox 581 927 699 1004; x_wconf 76' lang='lat' dir='ltr'>exules,</span> <span class='ocrx_word' id='word_1_60' title='bbox 714 940 751 994; x_wconf 91' lang='lat' dir='ltr'>ut</span> <span class='ocrx_word' id='word_1_61' title='bbox 764 925 890 994; x_wconf 80' lang='lat' dir='ltr'>dicitur.</span> 
     </span>
     <span class='ocr_line' id='line_1_10' title="bbox 244 1013 1178 1102; baseline -0.006 -18"><span class='ocrx_word' id='word_1_62' title='bbox 244 1039 318 1084; x_wconf 78' lang='lat' dir='ltr'>not..</span> <span class='ocrx_word' id='word_1_63' title='bbox 333 1017 502 1102; x_wconf 76' lang='lat' dir='ltr'>Aspioinnt</span> <span class='ocrx_word' id='word_1_64' title='bbox 515 1037 562 1080; x_wconf 82' lang='lat' dir='ltr'>ete</span> <span class='ocrx_word' id='word_1_65' title='bbox 574 1013 716 1099; x_wconf 81' lang='lat' dir='ltr'>pulchris</span> <span class='ocrx_word' id='word_1_66' title='bbox 730 1013 842 1092; x_wconf 79' lang='lat' dir='ltr'>oculis,</span> <span class='ocrx_word' id='word_1_67' title='bbox 856 1025 1047 1080; x_wconf 79' lang='lat' dir='ltr'>cunctentur</span> <span class='ocrx_word' id='word_1_68' title='bbox 1059 1023 1178 1080; x_wconf 78' lang='lat' dir='ltr'>tumen.</span> 
     </span>
     <span class='ocr_line' id='line_1_11' title="bbox 245 1096 1355 1186; baseline -0.005 -14"><span class='ocrx_word' id='word_1_69' title='bbox 245 1126 315 1172; x_wconf 78' lang='lat' dir='ltr'>nnc.</span> <span class='ocrx_word' id='word_1_70' title='bbox 333 1106 364 1168; x_wconf 93' lang='lat' dir='ltr'>N</span> <span class='ocrx_word' id='word_1_71' title='bbox 408 1124 447 1166; x_wconf 88' lang='lat' dir='ltr'>ue</span> <span class='ocrx_word' id='word_1_72' title='bbox 461 1114 585 1186; x_wconf 77' lang='lat' dir='ltr'>tempus</span> <span class='ocrx_word' id='word_1_73' title='bbox 599 1099 736 1166; x_wconf 76' lang='lat' dir='ltr'>ostendit</span> <span class='ocrx_word' id='word_1_74' title='bbox 750 1099 808 1164; x_wconf 87' lang='lat' dir='ltr'>tibi</span> <span class='ocrx_word' id='word_1_75' title='bbox 821 1121 873 1166; x_wconf 76' lang='lat' dir='ltr'>eea</span> <span class='ocrx_word' id='word_1_76' title='bbox 887 1121 954 1166; x_wconf 82' lang='lat' dir='ltr'>ease</span> <span class='ocrx_word' id='word_1_77' title='bbox 967 1096 1098 1165; x_wconf 71' lang='lat' dir='ltr'>inanes?</span> <span class='ocrx_word' id='word_1_78' title='bbox 1275 1111 1355 1167; x_wconf 83' lang='grc'>400</span> 
     </span>
     <span class='ocr_line' id='line_1_12' title="bbox 244 1125 1134 1271; baseline -0.01 -12"><span class='ocrx_word' id='word_1_79' title='bbox 244 1211 321 1260; x_wconf 74' lang='lat' dir='ltr'>eon.</span> <span class='ocrx_word' id='word_1_80' title='bbox 334 1125 468 1255; x_wconf 65' lang='lat' dir='ltr'>beuit</span> <span class='ocrx_word' id='word_1_81' title='bbox 482 1187 638 1252; x_wconf 78' lang='lat' dir='ltr'>Venerem</span> <span class='ocrx_word' id='word_1_82' title='bbox 653 1185 812 1271; x_wconf 83' lang='lat' dir='ltr'>quandam</span> <span class='ocrx_word' id='word_1_83' title='bbox 825 1204 953 1250; x_wconf 75' lang='lat' dir='ltr'>suavem</span> <span class='ocrx_word' id='word_1_84' title='bbox 968 1183 1134 1252; x_wconf 80' lang='lat' dir='ltr'>mulorum.</span> 
     </span>
     <span class='ocr_line' id='line_1_13' title="bbox 245 1270 1357 1358; baseline -0.004 -15"><span class='ocrx_word' id='word_1_85' title='bbox 245 1298 314 1344; x_wconf 81' lang='lat' dir='ltr'>Joc.</span> <span class='ocrx_word' id='word_1_86' title='bbox 335 1272 731 1357; x_wconf 62' lang='lat' dir='ltr'>Undeveroalebmiupriu</span> <span class='ocrx_word' id='word_1_87' title='bbox 770 1270 1357 1358; x_wconf 78' lang='lat' dir='ltr'>uampernuptiasiuvenireavictnm?</span> 
     </span>
     <span class='ocr_line' id='line_1_14' title="bbox 246 1357 1301 1446; baseline -0.002 -18"><span class='ocrx_word' id='word_1_88' title='bbox 246 1383 321 1428; x_wconf 73' lang='lat' dir='ltr'>nou.</span> <span class='ocrx_word' id='word_1_89' title='bbox 334 1361 519 1446; x_wconf 73' lang='lat' dir='ltr'>Aliquando</span> <span class='ocrx_word' id='word_1_90' title='bbox 532 1359 688 1424; x_wconf 86' lang='lat' dir='ltr'>habebam</span> <span class='ocrx_word' id='word_1_91' title='bbox 702 1358 736 1422; x_wconf 89' lang='lat' dir='ltr'>iu</span> <span class='ocrx_word' id='word_1_92' title='bbox 773 1359 846 1435; x_wconf 85' lang='lat' dir='ltr'>iem,</span> <span class='ocrx_word' id='word_1_93' title='bbox 861 1358 903 1424; x_wconf 81' lang='lat' dir='ltr'>ali</span> <span class='ocrx_word' id='word_1_94' title='bbox 928 1358 1034 1424; x_wconf 85' lang='lat' dir='ltr'>nando</span> <span class='ocrx_word' id='word_1_95' title='bbox 1046 1379 1113 1424; x_wconf 91' lang='lat' dir='ltr'>nou</span> <span class='ocrx_word' id='word_1_96' title='bbox 1122 1357 1301 1426; x_wconf 68' lang='lat' dir='ltr'>habebam.</span> 
     </span>
     <span class='ocr_line' id='line_1_15' title="bbox 246 1381 1075 1545; baseline -0.01 -29"><span class='ocrx_word' id='word_1_97' title='bbox 246 1471 317 1516; x_wconf 76' lang='lat' dir='ltr'>noc.</span> <span class='ocrx_word' id='word_1_98' title='bbox 336 1447 411 1512; x_wconf 88' lang='lat' dir='ltr'>Non</span> <span class='ocrx_word' id='word_1_99' title='bbox 423 1446 578 1532; x_wconf 80' lang='lat' dir='ltr'>juvabant</span> <span class='ocrx_word' id='word_1_100' title='bbox 592 1459 623 1510; x_wconf 85' lang='lat' dir='ltr'>te</span> <span class='ocrx_word' id='word_1_101' title='bbox 635 1445 730 1510; x_wconf 75' lang='lat' dir='ltr'>amici</span> <span class='ocrx_word' id='word_1_102' title='bbox 743 1444 851 1545; x_wconf 78' lang='lat' dir='ltr'>patria,</span> <span class='ocrx_word' id='word_1_103' title='bbox 866 1381 1075 1529; x_wconf 73' lang='lat' dir='ltr'>etbnapitea?</span> 
     </span>
     <span class='ocr_line' id='line_1_16' title="bbox 251 1529 1356 1682; baseline -0.001 -82"><span class='ocrx_word' id='word_1_104' title='bbox 251 1555 322 1600; x_wconf 75' lang='lat' dir='ltr'>ant.</span> <span class='ocrx_word' id='word_1_105' title='bbox 338 1533 486 1682; x_wconf 55' lang='lat' dir='ltr'>Felicithlr¹</span> <span class='ocrx_word' id='word_1_106' title='bbox 498 1554 565 1597; x_wconf 88' lang='lat' dir='ltr'>rem</span> <span class='ocrx_word' id='word_1_107' title='bbox 579 1554 671 1620; x_wconf 82' lang='lat' dir='ltr'>gere;</span> <span class='ocrx_word' id='word_1_108' title='bbox 693 1553 867 1600; x_wconf 79' lang='lat' dir='ltr'>amicorum</span> <span class='ocrx_word' id='word_1_109' title='bbox 881 1532 965 1596; x_wconf 83' lang='lat' dir='ltr'>enim</span> <span class='ocrx_word' id='word_1_110' title='bbox 980 1553 1031 1596; x_wconf 81' lang='lat' dir='ltr'>ren</span> <span class='ocrx_word' id='word_1_111' title='bbox 1051 1531 1084 1596; x_wconf 90' lang='lat' dir='ltr'>in</span> <span class='ocrx_word' id='word_1_112' title='bbox 1105 1529 1356 1600; x_wconf 79' lang='lat' dir='ltr'>eatamiutibus</span> 
     </span>
     <span class='ocr_line' id='line_1_17' title="bbox 418 1618 596 1684; baseline 0.011 -2"><span class='ocrx_word' id='word_1_113' title='bbox 418 1618 449 1682; x_wconf 86' lang='lat' dir='ltr'>n‘</span> <span class='ocrx_word' id='word_1_114' title='bbox 477 1619 497 1682; x_wconf 89' lang='lat' dir='ltr'>&#39;l</span> <span class='ocrx_word' id='word_1_115' title='bbox 512 1631 596 1684; x_wconf 83' lang='lat' dir='ltr'>aunt.</span> 
     </span>
     <span class='ocr_line' id='line_1_18' title="bbox 246 1699 1153 1790; baseline -0.008 -17"><span class='ocrx_word' id='word_1_116' title='bbox 246 1727 316 1773; x_wconf 78' lang='lat' dir='ltr'>son.</span> <span class='ocrx_word' id='word_1_117' title='bbox 336 1706 412 1771; x_wconf 90' lang='lat' dir='ltr'>Non</span> <span class='ocrx_word' id='word_1_118' title='bbox 427 1705 544 1773; x_wconf 82' lang='lat' dir='ltr'>extulit</span> <span class='ocrx_word' id='word_1_119' title='bbox 558 1717 590 1770; x_wconf 90' lang='lat' dir='ltr'>te</span> <span class='ocrx_word' id='word_1_120' title='bbox 605 1703 752 1774; x_wconf 71' lang='lat' dir='ltr'>nobilitas</span> <span class='ocrx_word' id='word_1_121' title='bbox 766 1701 808 1768; x_wconf 87' lang='lat' dir='ltr'>ad</span> <span class='ocrx_word' id='word_1_122' title='bbox 824 1724 975 1790; x_wconf 85' lang='lat' dir='ltr'>magnum</span> <span class='ocrx_word' id='word_1_123' title='bbox 988 1699 1153 1789; x_wconf 75' lang='lat' dir='ltr'>gradum?</span> 
     </span>
     <span class='ocr_line' id='line_1_19' title="bbox 247 1788 1144 1858; baseline -0.007 -1"><span class='ocrx_word' id='word_1_124' title='bbox 247 1813 320 1858; x_wconf 77' lang='lat' dir='ltr'>rou.</span> <span class='ocrx_word' id='word_1_125' title='bbox 333 1791 460 1857; x_wconf 81' lang='lat' dir='ltr'>Malum</span> <span class='ocrx_word' id='word_1_126' title='bbox 474 1805 520 1856; x_wconf 87' lang='lat' dir='ltr'>eat</span> <span class='ocrx_word' id='word_1_127' title='bbox 536 1790 615 1854; x_wconf 87' lang='lat' dir='ltr'>nihil</span> <span class='ocrx_word' id='word_1_128' title='bbox 629 1790 757 1858; x_wconf 78' lang='lat' dir='ltr'>babere.</span> <span class='ocrx_word' id='word_1_129' title='bbox 784 1790 897 1858; x_wconf 86' lang='lat' dir='ltr'>Genua</span> <span class='ocrx_word' id='word_1_130' title='bbox 910 1811 975 1854; x_wconf 90' lang='lat' dir='ltr'>non</span> <span class='ocrx_word' id='word_1_131' title='bbox 990 1788 1070 1854; x_wconf 88' lang='lat' dir='ltr'>aluit</span> <span class='ocrx_word' id='word_1_132' title='bbox 1081 1809 1144 1852; x_wconf 86' lang='lat' dir='ltr'>me.</span> 
     </span>
     <span class='ocr_line' id='line_1_20' title="bbox 246 1873 1187 1956; baseline -0.003 -11"><span class='ocrx_word' id='word_1_133' title='bbox 246 1900 316 1945; x_wconf 74' lang='lat' dir='ltr'>soc.</span> <span class='ocrx_word' id='word_1_134' title='bbox 336 1879 454 1956; x_wconf 84' lang='lat' dir='ltr'>Patria,</span> <span class='ocrx_word' id='word_1_135' title='bbox 470 1891 506 1941; x_wconf 91' lang='lat' dir='ltr'>ut</span> <span class='ocrx_word' id='word_1_136' title='bbox 519 1877 655 1954; x_wconf 84' lang='lat' dir='ltr'>videtur,</span> <span class='ocrx_word' id='word_1_137' title='bbox 668 1877 851 1944; x_wconf 74' lang='lat' dir='ltr'>charissime</span> <span class='ocrx_word' id='word_1_138' title='bbox 864 1897 915 1940; x_wconf 85' lang='lat' dir='ltr'>rea</span> <span class='ocrx_word' id='word_1_139' title='bbox 928 1873 1116 1940; x_wconf 72' lang='lat' dir='ltr'>mortalibus</span> <span class='ocrx_word' id='word_1_140' title='bbox 1129 1886 1187 1942; x_wconf 77' lang='lat' dir='ltr'>eet.</span> 
     </span>
     <span class='ocr_line' id='line_1_21' title="bbox 250 1960 1087 2050; baseline -0.005 -22"><span class='ocrx_word' id='word_1_141' title='bbox 250 1964 411 2030; x_wconf 70' lang='lat' dir='ltr'>nonNon</span> <span class='ocrx_word' id='word_1_142' title='bbox 425 1963 553 2050; x_wconf 87' lang='lat' dir='ltr'>quidem</span> <span class='ocrx_word' id='word_1_143' title='bbox 568 1963 673 2028; x_wconf 88' lang='lat' dir='ltr'>dioere</span> <span class='ocrx_word' id='word_1_144' title='bbox 686 1964 798 2048; x_wconf 69' lang='lat' dir='ltr'>poesia,</span> <span class='ocrx_word' id='word_1_145' title='bbox 813 1984 908 2049; x_wconf 84' lang='lat' dir='ltr'>quum</span> <span class='ocrx_word' id='word_1_146' title='bbox 924 1960 1022 2028; x_wconf 85' lang='lat' dir='ltr'>dulcia</span> <span class='ocrx_word' id='word_1_147' title='bbox 1036 1962 1087 2026; x_wconf 76' lang='lat' dir='ltr'>ait.</span> 
     </span>
     <span class='ocr_line' id='line_1_22' title="bbox 248 2047 1352 2134; baseline -0.004 -16"><span class='ocrx_word' id='word_1_148' title='bbox 248 2073 318 2118; x_wconf 75' lang='lat' dir='ltr'>noc.</span> <span class='ocrx_word' id='word_1_149' title='bbox 336 2049 509 2127; x_wconf 87' lang='lat' dir='ltr'>Quomodo</span> <span class='ocrx_word' id='word_1_150' title='bbox 523 2049 635 2114; x_wconf 67' lang='lat' dir='ltr'>venisti</span> <span class='ocrx_word' id='word_1_151' title='bbox 651 2049 782 2134; x_wconf 78' lang='lat' dir='ltr'>Argoa?</span> <span class='ocrx_word' id='word_1_152' title='bbox 803 2049 879 2134; x_wconf 89' lang='lat' dir='ltr'>quid</span> <span class='ocrx_word' id='word_1_153' title='bbox 894 2048 1016 2112; x_wconf 77' lang='lat' dir='ltr'>consilii</span> <span class='ocrx_word' id='word_1_154' title='bbox 1031 2047 1196 2114; x_wconf 80' lang='lat' dir='ltr'>habuisti?</span> <span class='ocrx_word' id='word_1_155' title='bbox 1278 2057 1352 2114; x_wconf 77' lang='lat'>410</span> 
     </span>
     <span class='ocr_line' id='line_1_23' title="bbox 247 2133 1066 2221; baseline -0.005 -19"><span class='ocrx_word' id='word_1_156' title='bbox 247 2157 319 2202; x_wconf 78' lang='lat' dir='ltr'>not..</span> <span class='ocrx_word' id='word_1_157' title='bbox 337 2135 451 2221; x_wconf 87' lang='lat' dir='ltr'>Apollo</span> <span class='ocrx_word' id='word_1_158' title='bbox 466 2137 603 2200; x_wconf 82' lang='lat' dir='ltr'>Adrasto</span> <span class='ocrx_word' id='word_1_159' title='bbox 617 2135 776 2221; x_wconf 86' lang='lat' dir='ltr'>quoddam</span> <span class='ocrx_word' id='word_1_160' title='bbox 791 2134 954 2200; x_wconf 86' lang='lat' dir='ltr'>oraculum</span> <span class='ocrx_word' id='word_1_161' title='bbox 968 2133 1066 2198; x_wconf 83' lang='lat' dir='ltr'>dedit.</span> 
     </span>
     <span class='ocr_line' id='line_1_24' title="bbox 246 2219 1218 2308; baseline -0.006 -18"><span class='ocrx_word' id='word_1_162' title='bbox 246 2244 316 2290; x_wconf 76' lang='lat' dir='ltr'>soc.</span> <span class='ocrx_word' id='word_1_163' title='bbox 335 2219 466 2299; x_wconf 80' lang='lat' dir='ltr'>Quale?</span> <span class='ocrx_word' id='word_1_164' title='bbox 487 2221 564 2308; x_wconf 92' lang='lat' dir='ltr'>qnid</span> <span class='ocrx_word' id='word_1_165' title='bbox 579 2223 640 2290; x_wconf 88' lang='lat' dir='ltr'>bno</span> <span class='ocrx_word' id='word_1_166' title='bbox 653 2221 782 2290; x_wconf 84' lang='lat' dir='ltr'>dixisti?</span> <span class='ocrx_word' id='word_1_167' title='bbox 807 2243 871 2290; x_wconf 87' lang='lat' dir='ltr'>uon</span> <span class='ocrx_word' id='word_1_168' title='bbox 887 2241 1017 2306; x_wconf 78' lang='lat' dir='ltr'>possum</span> <span class='ocrx_word' id='word_1_169' title='bbox 1031 2219 1218 2307; x_wconf 73' lang='lat' dir='ltr'>intelligere.</span> 
     </span>
     <span class='ocr_line' id='line_1_25' title="bbox 249 2307 1052 2393; baseline -0.005 -19"><span class='ocrx_word' id='word_1_170' title='bbox 249 2329 324 2374; x_wconf 79' lang='lat' dir='ltr'>aot.</span> <span class='ocrx_word' id='word_1_171' title='bbox 335 2309 356 2374; x_wconf 89' lang='lat' dir='ltr'>J</span> <span class='ocrx_word' id='word_1_172' title='bbox 360 2309 436 2374; x_wconf 78' lang='lat' dir='ltr'>ussit</span> <span class='ocrx_word' id='word_1_173' title='bbox 448 2307 526 2375; x_wconf 81' lang='lat' dir='ltr'>date</span> <span class='ocrx_word' id='word_1_174' title='bbox 540 2320 675 2393; x_wconf 85' lang='lat' dir='ltr'>nuptum</span> <span class='ocrx_word' id='word_1_175' title='bbox 690 2308 772 2374; x_wconf 81' lang='lat' dir='ltr'>filins</span> <span class='ocrx_word' id='word_1_176' title='bbox 786 2310 878 2392; x_wconf 88' lang='lat' dir='ltr'>Apro</span> <span class='ocrx_word' id='word_1_177' title='bbox 892 2322 925 2372; x_wconf 88' lang='lat' dir='ltr'>et</span> <span class='ocrx_word' id='word_1_178' title='bbox 941 2307 1052 2372; x_wconf 86' lang='lat' dir='ltr'>Leoni.</span> 
     </span>
     <span class='ocr_line' id='line_1_26' title="bbox 248 2391 1332 2479; baseline -0.003 -17"><span class='ocrx_word' id='word_1_179' title='bbox 248 2417 317 2462; x_wconf 79' lang='lat' dir='ltr'>soc.</span> <span class='ocrx_word' id='word_1_180' title='bbox 339 2399 384 2461; x_wconf 86' lang='lat' dir='ltr'>At</span> <span class='ocrx_word' id='word_1_181' title='bbox 398 2393 456 2460; x_wconf 90' lang='lat' dir='ltr'>tibi</span> <span class='ocrx_word' id='word_1_182' title='bbox 471 2417 618 2479; x_wconf 72' lang='lat' dir='ltr'>queniam</span> <span class='ocrx_word' id='word_1_183' title='bbox 633 2395 764 2460; x_wconf 75' lang='lat' dir='ltr'>societas</span> <span class='ocrx_word' id='word_1_184' title='bbox 778 2409 847 2460; x_wconf 83' lang='lat' dir='ltr'>eret</span> <span class='ocrx_word' id='word_1_185' title='bbox 861 2394 998 2458; x_wconf 70' lang='lat' dir='ltr'>nominis</span> <span class='ocrx_word' id='word_1_186' title='bbox 1012 2391 1193 2470; x_wconf 63' lang='lat' dir='ltr'>benorum,</span> <span class='ocrx_word' id='word_1_187' title='bbox 1209 2394 1243 2458; x_wconf 94' lang='grc' dir='ltr'><strong>Ο</strong></span> <span class='ocrx_word' id='word_1_188' title='bbox 1258 2393 1332 2460; x_wconf 75' lang='lat' dir='ltr'>fili?</span> 
     </span>
     <span class='ocr_line' id='line_1_27' title="bbox 250 2479 1184 2548; baseline -0.006 0"><span class='ocrx_word' id='word_1_189' title='bbox 250 2501 322 2548; x_wconf 76' lang='lat'>1³01..</span> <span class='ocrx_word' id='word_1_190' title='bbox 336 2484 411 2546; x_wconf 91' lang='lat' dir='ltr'>Non</span> <span class='ocrx_word' id='word_1_191' title='bbox 426 2481 511 2545; x_wconf 83' lang='lat' dir='ltr'>acio:</span> <span class='ocrx_word' id='word_1_192' title='bbox 535 2480 633 2546; x_wconf 84' lang='lat' dir='ltr'>iatum</span> <span class='ocrx_word' id='word_1_193' title='bbox 650 2481 756 2546; x_wconf 83' lang='lat' dir='ltr'>meod</span> <span class='ocrx_word' id='word_1_194' title='bbox 769 2480 852 2545; x_wconf 86' lang='lat' dir='ltr'>banc</span> <span class='ocrx_word' id='word_1_195' title='bbox 865 2479 1024 2547; x_wconf 79' lang='lat' dir='ltr'>fortunam</span> <span class='ocrx_word' id='word_1_196' title='bbox 1040 2479 1184 2544; x_wconf 79' lang='lat' dir='ltr'>vocabat.</span> 
     </span>
     <span class='ocr_line' id='line_1_28' title="bbox 247 2565 1354 2652; baseline -0.001 -19"><span class='ocrx_word' id='word_1_197' title='bbox 247 2587 315 2633; x_wconf 79' lang='lat' dir='ltr'>noc.</span> <span class='ocrx_word' id='word_1_198' title='bbox 337 2567 468 2652; x_wconf 78' lang='lat' dir='ltr'>Sapiens</span> <span class='ocrx_word' id='word_1_199' title='bbox 476 2565 793 2634; x_wconf 73' lang='lat' dir='ltr'>enimestDeuazaed</span> <span class='ocrx_word' id='word_1_200' title='bbox 802 2565 1117 2652; x_wconf 85' lang='lat' dir='ltr'>quomodnnaotuaea</span> <span class='ocrx_word' id='word_1_201' title='bbox 1125 2565 1354 2632; x_wconf 88' lang='lat' dir='ltr'>oonnnbinm?</span> 
     </span>
     <span class='ocr_line' id='line_1_29' title="bbox 249 2652 1049 2738; baseline 0 -20"><span class='ocrx_word' id='word_1_202' title='bbox 249 2674 320 2718; x_wconf 77' lang='lat' dir='ltr'>non.</span> <span class='ocrx_word' id='word_1_203' title='bbox 336 2654 413 2718; x_wconf 84' lang='lat' dir='ltr'>Nox</span> <span class='ocrx_word' id='word_1_204' title='bbox 426 2669 503 2730; x_wconf 80' lang='lat' dir='ltr'>orat,</span> <span class='ocrx_word' id='word_1_205' title='bbox 518 2675 593 2720; x_wconf 87' lang='lat' dir='ltr'>cum</span> <span class='ocrx_word' id='word_1_206' title='bbox 608 2654 680 2718; x_wconf 85' lang='lat' dir='ltr'>veni</span> <span class='ocrx_word' id='word_1_207' title='bbox 694 2656 732 2720; x_wconf 83' lang='lat' dir='ltr'>ed</span> <span class='ocrx_word' id='word_1_208' title='bbox 748 2653 890 2738; x_wconf 82' lang='lat' dir='ltr'>porticus</span> <span class='ocrx_word' id='word_1_209' title='bbox 905 2652 1049 2718; x_wconf 73' lang='lat' dir='ltr'>Adrasti.</span> 
     </span>
     <span class='ocr_line' id='line_1_30' title="bbox 248 2739 954 2818; baseline -0.006 -12"><span class='ocrx_word' id='word_1_210' title='bbox 248 2761 318 2806; x_wconf 77' lang='lat' dir='ltr'>noc.</span> <span class='ocrx_word' id='word_1_211' title='bbox 338 2739 494 2816; x_wconf 72' lang='lat' dir='ltr'>Quaerens</span> <span class='ocrx_word' id='word_1_212' title='bbox 508 2739 622 2818; x_wconf 85' lang='lat' dir='ltr'>cubile,</span> <span class='ocrx_word' id='word_1_213' title='bbox 638 2740 720 2806; x_wconf 89' lang='lat' dir='ltr'>sicut</span> <span class='ocrx_word' id='word_1_214' title='bbox 734 2739 810 2806; x_wconf 82' lang='lat' dir='ltr'>exul</span> <span class='ocrx_word' id='word_1_215' title='bbox 824 2741 954 2806; x_wconf 78' lang='lat' dir='ltr'>errans?</span> 
     </span>
     <span class='ocr_line' id='line_1_31' title="bbox 251 2823 1167 2892; baseline 0 -2"><span class='ocrx_word' id='word_1_216' title='bbox 251 2847 322 2890; x_wconf 77' lang='lat' dir='ltr'>aot.</span> <span class='ocrx_word' id='word_1_217' title='bbox 339 2825 425 2891; x_wconf 75' lang='lat' dir='ltr'>Haeo</span> <span class='ocrx_word' id='word_1_218' title='bbox 438 2838 508 2890; x_wconf 84' lang='lat' dir='ltr'>erat</span> <span class='ocrx_word' id='word_1_219' title='bbox 520 2849 632 2892; x_wconf 83' lang='lat' dir='ltr'>causa:</span> <span class='ocrx_word' id='word_1_220' title='bbox 655 2825 770 2890; x_wconf 86' lang='lat' dir='ltr'>deinde</span> <span class='ocrx_word' id='word_1_221' title='bbox 783 2826 870 2892; x_wconf 84' lang='lat' dir='ltr'>venit</span> <span class='ocrx_word' id='word_1_222' title='bbox 882 2825 977 2890; x_wconf 85' lang='lat' dir='ltr'>etiam</span> <span class='ocrx_word' id='word_1_223' title='bbox 993 2824 1072 2892; x_wconf 80' lang='lat' dir='ltr'>aliua</span> <span class='ocrx_word' id='word_1_224' title='bbox 1085 2823 1167 2890; x_wconf 83' lang='lat' dir='ltr'>exul.</span> 
     </span>
     <span class='ocr_line' id='line_1_32' title="bbox 248 2910 1352 2998; baseline -0.002 -20"><span class='ocrx_word' id='word_1_225' title='bbox 248 2933 319 2978; x_wconf 79' lang='lat' dir='ltr'>too.</span> <span class='ocrx_word' id='word_1_226' title='bbox 339 2913 422 2988; x_wconf 85' lang='lat' dir='ltr'>Quia</span> <span class='ocrx_word' id='word_1_227' title='bbox 436 2910 517 2976; x_wconf 79' lang='lat' dir='ltr'>iate?</span> <span class='ocrx_word' id='word_1_228' title='bbox 538 2914 656 2998; x_wconf 83' lang='lat' dir='ltr'>quippe</span> <span class='ocrx_word' id='word_1_229' title='bbox 669 2934 745 2978; x_wconf 83' lang='lat' dir='ltr'>veto</span> <span class='ocrx_word' id='word_1_230' title='bbox 758 2912 854 2978; x_wconf 77' lang='lat' dir='ltr'>minet</span> <span class='ocrx_word' id='word_1_231' title='bbox 867 2924 899 2976; x_wconf 86' lang='lat' dir='ltr'>et</span> <span class='ocrx_word' id='word_1_232' title='bbox 912 2911 1056 2977; x_wconf 81' lang='lat' dir='ltr'>illeetat.</span> <span class='ocrx_word' id='word_1_233' title='bbox 1278 2919 1352 2978; x_wconf 76' lang='lat'>420</span> 
     </span>
     <span class='ocr_line' id='line_1_33' title="bbox 249 2997 1078 3084; baseline 0.001 -21"><span class='ocrx_word' id='word_1_234' title='bbox 249 3019 321 3063; x_wconf 76' lang='lat'>1²01.</span> <span class='ocrx_word' id='word_1_235' title='bbox 337 2997 475 3083; x_wconf 78' lang='lat' dir='ltr'>Tydeus,</span> <span class='ocrx_word' id='word_1_236' title='bbox 490 3021 584 3084; x_wconf 89' lang='lat' dir='ltr'>quem</span> <span class='ocrx_word' id='word_1_237' title='bbox 598 2998 712 3064; x_wconf 86' lang='lat' dir='ltr'>dicunt</span> <span class='ocrx_word' id='word_1_238' title='bbox 726 3013 837 3064; x_wconf 87' lang='lat' dir='ltr'>natum</span> <span class='ocrx_word' id='word_1_239' title='bbox 851 2998 965 3064; x_wconf 83' lang='lat' dir='ltr'>OEnen</span> <span class='ocrx_word' id='word_1_240' title='bbox 978 3011 1078 3083; x_wconf 73' lang='lat' dir='ltr'>patre.</span> 
     </span>
     <span class='ocr_line' id='line_1_34' title="bbox 249 3081 1093 3170; baseline -0.002 -20"><span class='ocrx_word' id='word_1_241' title='bbox 249 3105 316 3150; x_wconf 70' lang='lat' dir='ltr'>Joc-</span> <span class='ocrx_word' id='word_1_242' title='bbox 340 3083 450 3160; x_wconf 83' lang='lat' dir='ltr'>Quare</span> <span class='ocrx_word' id='word_1_243' title='bbox 463 3107 539 3150; x_wconf 80' lang='lat' dir='ltr'>vero</span> <span class='ocrx_word' id='word_1_244' title='bbox 553 3085 626 3150; x_wconf 81' lang='lat' dir='ltr'>ieris</span> <span class='ocrx_word' id='word_1_245' title='bbox 640 3107 696 3152; x_wconf 79' lang='lat' dir='ltr'>voe</span> <span class='ocrx_word' id='word_1_246' title='bbox 709 3086 861 3152; x_wconf 76' lang='lat' dir='ltr'>Adrastus</span> <span class='ocrx_word' id='word_1_247' title='bbox 874 3081 1093 3170; x_wconf 72' lang='lat' dir='ltr'>computavit?</span> 
     </span>
     <span class='ocr_line' id='line_1_35' title="bbox 248 3169 1095 3260; baseline 0.001 -25"><span class='ocrx_word' id='word_1_248' title='bbox 248 3191 323 3235; x_wconf 77' lang='lat' dir='ltr'>nou.</span> <span class='ocrx_word' id='word_1_249' title='bbox 337 3169 387 3234; x_wconf 87' lang='lat' dir='ltr'>Eo</span> <span class='ocrx_word' id='word_1_250' title='bbox 425 3169 487 3234; x_wconf 92' lang='lat' dir='ltr'>uod</span> <span class='ocrx_word' id='word_1_251' title='bbox 505 3173 645 3236; x_wconf 80' lang='lat' dir='ltr'>venimus</span> <span class='ocrx_word' id='word_1_252' title='bbox 658 3172 694 3234; x_wconf 90' lang='lat' dir='ltr'>in</span> <span class='ocrx_word' id='word_1_253' title='bbox 707 3185 867 3238; x_wconf 78' lang='lat' dir='ltr'>certamen</span> <span class='ocrx_word' id='word_1_254' title='bbox 881 3171 923 3240; x_wconf 89' lang='lat' dir='ltr'>do</span> <span class='ocrx_word' id='word_1_255' title='bbox 936 3169 1095 3260; x_wconf 60' lang='lat' dir='ltr'>tunginu-</span> 
     </span>
     <span class='ocr_line' id='line_1_36' title="bbox 246 3253 949 3326; baseline -0.003 -2"><span class='ocrx_word' id='word_1_256' title='bbox 246 3277 317 3324; x_wconf 76' lang='lat' dir='ltr'>tnc.</span> <span class='ocrx_word' id='word_1_257' title='bbox 337 3255 388 3321; x_wconf 84' lang='lat' dir='ltr'>lbi</span> <span class='ocrx_word' id='word_1_258' title='bbox 440 3258 487 3320; x_wconf 86' lang='lat' dir='ltr'>ina</span> <span class='ocrx_word' id='word_1_259' title='bbox 502 3256 597 3324; x_wconf 89' lang='lat' dir='ltr'>Talai</span> <span class='ocrx_word' id='word_1_260' title='bbox 611 3257 770 3326; x_wconf 77' lang='lat' dir='ltr'>intellexit·</span> <span class='ocrx_word' id='word_1_261' title='bbox 778 3253 949 3323; x_wconf 73' lang='lat' dir='ltr'>vaticinia?</span> 
     </span>
     <span class='ocr_line' id='line_1_37' title="bbox 249 3341 966 3428; baseline 0.004 -21"><span class='ocrx_word' id='word_1_262' title='bbox 249 3361 324 3407; x_wconf 78' lang='lat' dir='ltr'>not.</span> <span class='ocrx_word' id='word_1_263' title='bbox 340 3341 381 3408; x_wconf 86' lang='lat' dir='ltr'>Et</span> <span class='ocrx_word' id='word_1_264' title='bbox 394 3341 482 3406; x_wconf 90' lang='lat' dir='ltr'>dedit</span> <span class='ocrx_word' id='word_1_265' title='bbox 497 3344 587 3409; x_wconf 85' lang='lat' dir='ltr'>nobie</span> <span class='ocrx_word' id='word_1_266' title='bbox 601 3343 728 3412; x_wconf 82' lang='lat' dir='ltr'>duobna</span> <span class='ocrx_word' id='word_1_267' title='bbox 742 3345 823 3412; x_wconf 82' lang='lat' dir='ltr'>duaa</span> <span class='ocrx_word' id='word_1_268' title='bbox 834 3343 966 3428; x_wconf 80' lang='lat' dir='ltr'>puellae.</span> 
     </span>
     <span class='ocr_line' id='line_1_38' title="bbox 248 3427 1058 3518; baseline -0.002 -23"><span class='ocrx_word' id='word_1_269' title='bbox 248 3450 317 3495; x_wconf 77' lang='lat' dir='ltr'>noc.</span> <span class='ocrx_word' id='word_1_270' title='bbox 337 3428 456 3495; x_wconf 86' lang='lat' dir='ltr'>Utrum</span> <span class='ocrx_word' id='word_1_271' title='bbox 472 3429 570 3518; x_wconf 78' lang='lat' dir='ltr'>igitur</span> <span class='ocrx_word' id='word_1_272' title='bbox 584 3427 668 3506; x_wconf 79' lang='lat' dir='ltr'>felix,</span> <span class='ocrx_word' id='word_1_273' title='bbox 683 3453 724 3496; x_wconf 81' lang='lat' dir='ltr'>nn</span> <span class='ocrx_word' id='word_1_274' title='bbox 740 3430 851 3499; x_wconf 78' lang='lat' dir='ltr'>infelix</span> <span class='ocrx_word' id='word_1_275' title='bbox 862 3427 1058 3516; x_wconf 81' lang='lat' dir='ltr'>eanuptiiai</span> 
     </span>
     <span class='ocr_line' id='line_1_39' title="bbox 248 3515 1334 3604; baseline 0.006 -24"><span class='ocrx_word' id='word_1_276' title='bbox 248 3535 321 3580; x_wconf 79' lang='lat' dir='ltr'>non.</span> <span class='ocrx_word' id='word_1_277' title='bbox 338 3515 412 3582; x_wconf 85' lang='lat' dir='ltr'>Nou</span> <span class='ocrx_word' id='word_1_278' title='bbox 429 3515 615 3601; x_wconf 81' lang='lat' dir='ltr'>reprebendi</span> <span class='ocrx_word' id='word_1_279' title='bbox 631 3530 793 3584; x_wconf 78' lang='lat' dir='ltr'>merentur</span> <span class='ocrx_word' id='word_1_280' title='bbox 806 3517 929 3601; x_wconf 73' lang='lat' dir='ltr'>nuptie</span> <span class='ocrx_word' id='word_1_281' title='bbox 943 3515 983 3584; x_wconf 87' lang='lat' dir='ltr'>ad</span> <span class='ocrx_word' id='word_1_282' title='bbox 997 3515 1060 3582; x_wconf 86' lang='lat' dir='ltr'>bon</span> <span class='ocrx_word' id='word_1_283' title='bbox 1073 3535 1173 3598; x_wconf 84' lang='lat' dir='ltr'>naqne</span> <span class='ocrx_word' id='word_1_284' title='bbox 1187 3525 1334 3604; x_wconf 75' lang='lat' dir='ltr'>tempus.</span> 
     </span>
     <span class='ocr_line' id='line_1_40' title="bbox 247 3599 1145 3690; baseline -0.001 -23"><span class='ocrx_word' id='word_1_285' title='bbox 247 3621 317 3667; x_wconf 75' lang='lat' dir='ltr'>noc.</span> <span class='ocrx_word' id='word_1_286' title='bbox 336 3601 511 3678; x_wconf 86' lang='lat' dir='ltr'>Quomodo</span> <span class='ocrx_word' id='word_1_287' title='bbox 524 3604 708 3688; x_wconf 79' lang='lat' dir='ltr'>penuaaiati</span> <span class='ocrx_word' id='word_1_288' title='bbox 719 3603 785 3672; x_wconf 77' lang='lat' dir='ltr'>bum</span> <span class='ocrx_word' id='word_1_289' title='bbox 797 3616 829 3668; x_wconf 88' lang='lat' dir='ltr'>te</span> <span class='ocrx_word' id='word_1_290' title='bbox 842 3604 933 3690; x_wconf 79' lang='lat' dir='ltr'>aequi</span> <span class='ocrx_word' id='word_1_291' title='bbox 947 3599 1145 3668; x_wconf 79' lang='lat' dir='ltr'>etetaitnm?</span> 
     </span>
     <span class='ocr_line' id='line_1_41' title="bbox 253 3688 989 3776; baseline 0 -22"><span class='ocrx_word' id='word_1_292' title='bbox 253 3707 325 3754; x_wconf 76' lang='lat' dir='ltr'>not..</span> <span class='ocrx_word' id='word_1_293' title='bbox 341 3688 497 3756; x_wconf 70' lang='lat' dir='ltr'>Adrastus</span> <span class='ocrx_word' id='word_1_294' title='bbox 506 3690 626 3776; x_wconf 82' lang='lat' dir='ltr'>juravit</span> <span class='ocrx_word' id='word_1_295' title='bbox 639 3689 763 3756; x_wconf 86' lang='lat' dir='ltr'>dunbua</span> <span class='ocrx_word' id='word_1_296' title='bbox 777 3691 903 3775; x_wconf 69' lang='lat' dir='ltr'>generis</span> <span class='ocrx_word' id='word_1_297' title='bbox 916 3691 989 3770; x_wconf 76' lang='lat' dir='ltr'>bot,</span> 
     </span>
     <span class='ocr_line' id='line_1_42' title="bbox 333 3773 1350 3860; baseline 0.007 -23"><span class='ocrx_word' id='word_1_298' title='bbox 333 3773 463 3860; x_wconf 82' lang='lat' dir='ltr'>(Tydeo</span> <span class='ocrx_word' id='word_1_299' title='bbox 476 3775 611 3853; x_wconf 84' lang='lat' dir='ltr'>etmihi,</span> <span class='ocrx_word' id='word_1_300' title='bbox 629 3775 781 3844; x_wconf 81' lang='lat' dir='ltr'>biaenim</span> <span class='ocrx_word' id='word_1_301' title='bbox 794 3775 959 3842; x_wconf 67' lang='lat' dir='ltr'>mt&#39;affinia</span> <span class='ocrx_word' id='word_1_302' title='bbox 972 3779 1075 3857; x_wconf 75' lang='lat' dir='ltr'>meae)</span> <span class='ocrx_word' id='word_1_303' title='bbox 1278 3785 1350 3844; x_wconf 79' lang='grc'>480</span> 
     </span>
     <span class='ocr_line' id='line_1_43' title="bbox 336 3861 1263 3948; baseline 0.004 -24"><span class='ocrx_word' id='word_1_304' title='bbox 336 3861 379 3924; x_wconf 84' lang='lat' dir='ltr'>Se</span> <span class='ocrx_word' id='word_1_305' title='bbox 392 3861 602 3930; x_wconf 79' lang='lat' dir='ltr'>radnemrnm</span> <span class='ocrx_word' id='word_1_306' title='bbox 612 3875 782 3948; x_wconf 83' lang='lat' dir='ltr'>utrumque</span> <span class='ocrx_word' id='word_1_307' title='bbox 796 3865 829 3928; x_wconf 90' lang='lat' dir='ltr'>iu</span> <span class='ocrx_word' id='word_1_308' title='bbox 843 3862 989 3948; x_wconf 78' lang='lat' dir='ltr'>patriam,</span> <span class='ocrx_word' id='word_1_309' title='bbox 1005 3883 1057 3926; x_wconf 88' lang='lat' dir='ltr'>me</span> <span class='ocrx_word' id='word_1_310' title='bbox 1070 3883 1146 3926; x_wconf 79' lang='lat' dir='ltr'>vero</span> <span class='ocrx_word' id='word_1_311' title='bbox 1159 3861 1263 3946; x_wconf 78' lang='lat' dir='ltr'>priua.</span> 
     </span>
     <span class='ocr_line' id='line_1_44' title="bbox 335 3931 1237 4034; baseline -0.002 -18"><span class='ocrx_word' id='word_1_312' title='bbox 335 3943 438 4017; x_wconf 85' lang='lat' dir='ltr'>Multi</span> <span class='ocrx_word' id='word_1_313' title='bbox 450 3961 561 4025; x_wconf 67' lang='lat' dir='ltr'>uitem</span> <span class='ocrx_word' id='word_1_314' title='bbox 569 3948 728 4034; x_wconf 69' lang='lat' dir='ltr'>prticipes</span> <span class='ocrx_word' id='word_1_315' title='bbox 742 3949 931 4014; x_wconf 81' lang='lat' dir='ltr'>Dmmorum</span> <span class='ocrx_word' id='word_1_316' title='bbox 946 3965 979 4014; x_wconf 88' lang='lat' dir='ltr'>et</span> <span class='ocrx_word' id='word_1_317' title='bbox 991 3931 1237 4033; x_wconf 77' lang='lat' dir='ltr'>Mydeneornm</span> 
     </span>
     <span class='ocr_line' id='line_1_45' title="bbox 334 4031 1135 4127; baseline 0.004 -31"><span class='ocrx_word' id='word_1_318' title='bbox 334 4031 628 4127; x_wconf 61' lang='lat' dir='ltr'>Adsuuttoffieium</span> <span class='ocrx_word' id='word_1_319' title='bbox 644 4035 721 4100; x_wconf 87' lang='lat' dir='ltr'>mibi</span> <span class='ocrx_word' id='word_1_320' title='bbox 732 4037 831 4114; x_wconf 78' lang='lat' dir='ltr'>triete,</span> <span class='ocrx_word' id='word_1_321' title='bbox 845 4037 900 4102; x_wconf 87' lang='lat' dir='ltr'>ted</span> <span class='ocrx_word' id='word_1_322' title='bbox 914 4034 1135 4110; x_wconf 70' lang='lat' dir='ltr'>neceesarium,</span> 
     </span>
     <span class='ocr_line' id='line_1_46' title="bbox 333 4115 1146 4188; baseline 0.005 -6"><span class='ocrx_word' id='word_1_323' title='bbox 333 4115 473 4186; x_wconf 85' lang='lat' dir='ltr'>Dantee:</span> <span class='ocrx_word' id='word_1_324' title='bbox 496 4119 579 4186; x_wconf 89' lang='lat' dir='ltr'>duoo</span> <span class='ocrx_word' id='word_1_325' title='bbox 593 4123 677 4186; x_wconf 86' lang='lat' dir='ltr'>enim</span> <span class='ocrx_word' id='word_1_326' title='bbox 691 4123 865 4188; x_wconf 80' lang='lat' dir='ltr'>exercitum</span> <span class='ocrx_word' id='word_1_327' title='bbox 879 4121 1030 4188; x_wconf 78' lang='lat' dir='ltr'>advertus</span> <span class='ocrx_word' id='word_1_328' title='bbox 1043 4143 1146 4186; x_wconf 80' lang='lat' dir='ltr'>meam</span> 
     </span>
     <span class='ocr_line' id='line_1_47' title="bbox 335 4201 1133 4295; baseline 0.006 -26"><span class='ocrx_word' id='word_1_329' title='bbox 335 4201 488 4272; x_wconf 83' lang='lat' dir='ltr'>Patriam.</span> <span class='ocrx_word' id='word_1_330' title='bbox 514 4206 577 4272; x_wconf 83' lang='lat' dir='ltr'>Per</span> <span class='ocrx_word' id='word_1_331' title='bbox 591 4208 682 4276; x_wconf 76' lang='lat' dir='ltr'>Deos</span> <span class='ocrx_word' id='word_1_332' title='bbox 695 4221 799 4274; x_wconf 83' lang='lat' dir='ltr'>eutem</span> <span class='ocrx_word' id='word_1_333' title='bbox 810 4210 896 4295; x_wconf 82' lang='lat' dir='ltr'>juro,</span> <span class='ocrx_word' id='word_1_334' title='bbox 912 4207 1001 4295; x_wconf 93' lang='lat' dir='ltr'>quod</span> <span class='ocrx_word' id='word_1_335' title='bbox 1012 4206 1133 4274; x_wconf 79' lang='lat' dir='ltr'>invitna</span> 
     </span>
    </p>
   </div>
   <div class='ocr_carea' id='block_1_3' title="bbox 0 0 1418 4864">
    <p class='ocr_par' dir='ltr' id='par_1_3' title="bbox 0 0 1418 4864">
     <span class='ocr_line' id='line_1_48' title="bbox 0 0 1418 4864; baseline 0 0"><span class='ocrx_word' id='word_1_336' title='bbox 0 0 1418 4864; x_wconf 95' lang='lat' dir='ltr'> </span> 
     </span>
    </p>
   </div>
  </div>
 </body>
</html>
