2882 4858
493 243 748 314 HELENA.
1100 257 1158 315 εει

163 411 284 480 vacue
297 425 401 481 nutem
415 418 536 502 sponsis
545 421 653 507 jacent
666 419 766 488 oedcsc

165 497 288 566 Multos
301 515 405 568 nutem
421 505 596 572 accendens
612 507 773 572 ardentem
788 505 889 572 lucem
906 506 991 572 circo
1004 527 1159 572 omnnem

165 585 321 652 Euboenm
336 589 474 674 perdidit
489 592 700 658 Archirorum
764 604 768 614 '

165 672 334 738 Uniremus
349 673 417 751 vn,
432 677 562 762 rupibus

162 755 337 843 Caphareis
350 762 491 847 injiciens

164 842 206 908 Et
220 843 339 933 dignis
353 847 477 934 scaphis
491 850 523 913 in
540 851 616 914 meri
627 851 764 937 jsotstis,
1077 861 1159 918 1180

162 927 315 996 Dolorem
329 931 449 998 stellam
464 935 638 1000 accendens

163 1013 224 1080 Per
237 1015 446 1104 importuosos
460 1033 583 1086 montes
597 1022 735 1098 miseros,

160 1099 301 1177 Qusndo
315 1103 420 1170 classis
434 1129 474 1172 ex
488 1109 590 1192 petris
603 1109 687 1173 renti
702 1107 777 1173 llstu
793 1108 972 1195 properavit

159 1187 419 1276 Aequisitionetn,
436 1213 501 1256 non
515 1194 763 1282 acquisitionem,
778 1194 833 1260 sed
848 1194 1058 1261 contentionis

160 1271 298 1340 Ceusem
315 1278 436 1342 Graecis
450 1279 592 1349 umbram
608 1279 641 1344 in'
657 1281 789 1346 novibus
804 1280 928 1358 vehens,

160 1361 293 1426 Sscrum
308 1361 442 1428 Junonis
456 1365 669 1432 simulacrum.

158 1443 289 1512 Deusne
302 1448 354 1524 sit,
369 1470 474 1516 utnon
492 1453 580 1517 Dens
593 1465 649 1518 nut
661 1453 793 1530 medius,
1032 1457 1098 1538 (etr.
1110 1453 1156 1532 tt.)

157 1528 240 1608 Quis
254 1533 371 1599 dixerit
384 1549 541 1602 scrutatus

159 1615 347 1684 Mortslium
361 1619 615 1690 obsmrrissimutn
630 1646 695 1688 esse
708 1625 800 1688 finem
813 1625 899 1690 insu·

155 1701 440 1858 fflqpcppqqql
444 1709 587 1776 Deorum
601 1731 648 1776 res
662 1709 772 1795 aspicit
1073 1717 1155 1776 1140

355 1813 394 1858 no
443 1817 482 1860 nc

158 1871 202 1940 Et
215 1876 329 1942 iterum
343 1881 507 1946 contrariis

157 1959 327 2048 insperatis
341 1963 464 2032 essibus
478 1965 629 2032 salientes.

156 2045 210 2112 Tu
223 2069 258 2113 es
273 2049 338 2114 lilio
349 2049 448 2130 doris,
462 2054 497 2136 Q
512 2051 655 2118 Helenus

155 2131 300 2200 volucris
313 2135 396 2200 enirn
412 2136 445 2201 in
460 2138 530 2204 sinu
545 2153 576 2204 te
592 2139 653 2203 Le·

151 2217 205 2283 dne
218 2222 330 2308 genuit
342 2235 444 2307 poten.

155 2303 200 2370 Et
213 2319 314 2372 tomen
326 2307 412 2372 famo
424 2308 466 2374 de
479 2321 511 2374 te
524 2321 568 2374 eet
581 2331 637 2410 per
653 2309 810 2376 Groecisns

157 2391 248 2468 Quod
260 2395 305 2458 eie
318 2393 444 2496 injuste,
460 2395 626 2482 proditrix,
642 2395 773 2480 perfide,
788 2397 902 2482 impin:
926 2421 984 2462 nec
998 2398 1111 2478 huben,

153 2475 319 2554 Quidnam
331 2491 370 2544 est
384 2483 473 2559 certi,
489 2481 595 2546 edisne
609 2483 691 2547 inter
704 2483 860 2548 mortales.

152 2562 218 2630 Sed
233 2565 319 2652 qnod
335 2565 476 2637 Deorum
491 2579 538 2633 est
553 2589 660 2634 serum
675 2589 738 2632 esee
752 2570 852 2656 reperi
868 2571 1045 2656 explorans
1074 2580 1154 2638 1150

150 2649 326 2717 Dementes
340 2653 421 2734 estis,
436 2667 591 2742 quotquot
606 2654 742 2720 honores
759 2654 842 2720 bello
1013 2663 1091 2735 (unt.
1107 2659 1153 2738 2.)

151 2735 361 2824 Comparatio,
378 2737 475 2806 hsstoe
492 2739 580 2804 fortis

149 2821 229 2888 Ales
243 2825 409 2890 sortientes

150 2907 266 2976 Codes
280 2907 444 2976 hominum
460 2911 564 2976 stulte.

150 2995 185 3060 Si
202 2995 288 3060 enim
303 2996 388 3082 ipsos
402 2997 528 3064 dirimet
542 3011 699 3098 ccrtsmen

149 3080 685 3238 d'm‘lil'tliililmdiiiiiim

148 3251 241 3318 Sicut
257 3252 422 3320 Priameioe
436 3267 530 3320 terrie
545 3253 700 3321 thalamos
713 3269 895 3344 grsvsrunt,

147 3337 233 3404 Cum
249 3339 354 3405 verbis
366 3356 474 3442 posset
484 3343 636 3427 componi

146 3421 225 3490 Tus
237 3425 409 3506 dboordss,
423 3428 457 3494 Ο
473 3427 609 3495 Helene
831 3451 834 3460 ’
1068 3436 1149 3496 1160

147 3509 246 3576 Nune
273 3525 379 3578 eutem
407 3513 461 3578 elii
489 3513 616 3601 quidem
646 3513 746 3598 spnd·
762 3511 877 3576 inferos
910 3533 982 3578 cnm
1016 3511 1152 3580 Plutone

234 3613 410 3676 'eremum
463 3647 469 3660 ·

147 3681 279 3750 Moenis
293 3707 378 3765 sero,
394 3685 576 3752 incendium
590 3685 676 3750 velut
689 3683 787 3760 Jovis,
804 3683 915 3750 invasit
928 3683 1064 3762 flemme,

146 3769 265 3836 Clsdss
278 3792 375 3858 snpre
388 3771 493 3837 clsdes
507 3771 640 3838 efferens
654 3769 801 3856 (miseris)

62 3855 70 3866 '
147 3854 186 3921 ln
201 3855 432 3924 celnmitstibns
445 3858 512 3923 enti
536 3859 592 3922 uis.

60 3957 117 4004 us.
148 3941 396 4044 Onlsepetris
410 3944 498 4030 sepul
540 3965 628 4008 rums
651 3941 682 4006 in
698 3941 782 4008 exitu
797 3941 881 4006 enim
898 3943 1004 4006 domm

146 4027 197 4092 Te
212 4027 332 4114 sepelti,
349 4029 381 4094 Ο
398 4029 528 4112 Proteo,
565 4045 673 4114 ropter
686 4049 789 4092 mesm
804 4026 1021 4094 minutionem
1035 4051 1045 4108 ς

146 4115 282 4200 Semper
295 4129 400 4180 nutem
415 4131 449 4180 te
461 4139 501 4202 eg
560 4117 627 4180 iens
642 4130 673 4179 et
688 4112 869 4200 ingrediens
880 4113 1009 4178 domurn

143 4199 399 4290 'i'heoclynrenus
414 4202 466 4266 iric
480 4213 548 4267 tenu
561 4201 684 4278 affatur,
697 4217 798 4286 poter.

146 4285 213 4352 Voe
225 4287 368 4373 quidem,
384 4309 479 4356 cenes
491 4303 523 4354 et
539 4287 705 4354 batismm
721 4287 809 4361 retin,

548 4396 570 4438 n
590 4397 621 4436 m
637 4381 657 4436 2
