2862 4864
267 169 332 232 soa
616 155 977 260 ¹nurtrnrnrs

267 331 420 400 soa.Nos
433 329 560 417 quidem
576 327 649 407 illie,
664 329 720 394 ubi
733 345 781 396 est
794 353 971 416 sponsus-
1056 315 1064 321 ’

267 419 403 486 cumin
433 417 501 482 sine
528 427 628 480 matre
651 414 769 480 facietis
797 409 917 505 aliquid
942 440 1053 496 smum,
1076 437 1150 504 quae
1174 437 1225 482 me
1246 415 1332 482 facete

268 513 564 656 raasstocililonilil
570 498 655 652 luam
670 587 767 654 liliam
783 589 864 654 inter
880 589 1022 656 Graecoe.
1280 595 1331 656 tto

268 698 340 743 cnr.
351 677 412 742 Sed
430 673 483 740 nbi
498 695 556 738 nos
569 674 695 738 interim
711 687 835 760 oportet
848 675 938 740 esse?
1004 747 1010 760 ι

260 757 345 829 'acm
352 761 556 827 Proficiscere
571 762 682 847 Argos,
698 773 820 826 etcum
833 762 980 849 virgines.

267 870 340 916 car.
352 847 475 912 Relicta
488 843 578 910 lilia?
599 847 669 932 quis
683 869 757 912 vero
770 847 916 931 praeferet
929 847 1089 947 sublatam
1099 843 1220 912 lacent?

267 933 426 1088 tiit}
440 931 1136 1105 ti¹l⁰llrl53trt¹tttlltr⁶t¹lttttt

268 1128 343 1173 aot.
351 1107 425 1172 Non
441 1120 472 1171 te
485 1105 576 1170 dccet
589 1104 621 1168 in
637 1105 796 1170 exercitus
810 1105 903 1172 turbs
919 1103 1088 1172 comitibus
1101 1105 1219 1188 stipari.

268 1214 339 1260 cna.
353 1191 645 1342 Atquiblmmm
673 1201 717 1256 est
746 1213 796 1256 me
824 1205 955 1258 matrem
985 1214 1071 1258 meos
1095 1189 1204 1258 saltent
1225 1188 1334 1254 elocare

453 1300 464 1342 1
500 1294 566 1342 ros.

267 1368 456 1450 aoaAtque
469 1363 562 1428 etiam
577 1362 699 1448 puellas
714 1385 777 1428 non
792 1362 872 1428 solas
886 1386 952 1428 esse
965 1363 1063 1430 dumi.

204 1519 213 1528 ,
269 1472 342 1518 cna.
353 1451 442 1515 Bene
455 1449 678 1514 custodiuntur
690 1448 789 1514 firmis
803 1451 968 1537 gyuaeceis.

267 1558 345 1602 aea.
356 1536 448 1602 Pare.
492 1556 562 1600 cuv.
586 1534 661 1599 Non
675 1557 733 1620 per
747 1535 838 1600 deam
852 1537 994 1624 reginam
1009 1537 1211 1620 Argivorum.
1281 1535 1336 1604 780

272 1641 278 1652 ’
355 1620 517 1688 Profectus
531 1620 640 1709 igitur,
654 1644 726 1708 quse
740 1620 816 1686 loris
837 1635 910 1688 sunt
927 1643 999 1710 age,
1015 1645 1064 1686 res
1078 1643 1153 1688 tero
1166 1617 1337 1686 domesticas

355 1707 713 1893 Quaedgqlillli'mere
728 1793 846 1878 puellas
859 1793 1030 1860 nubentem

269 1900 347 1946 aea.
358 1880 425 1944 Hei
441 1877 537 1944 mahil
563 1878 695 1945 Frustra
709 1881 790 1958 veni,
801 1879 1027 1967 frustratusque
1041 1901 1111 1946 sum
1125 1901 1191 1965 spe,

354 1965 473 2032 Valens
487 1967 579 2050 conju
602 1988 652 2028 em
666 1965 825 2031 dimittere
843 1988 951 2032 eccos
1025 1990 1053 2032 u.

358 2051 440 2116 Utor
453 1989 714 2132 autem'dltaetis,
725 2064 758 2117 et
772 2052 918 2118 novemus
931 1979 1129 2118 aldilasiae·

354 2135 514 2224 Excogito
528 2135 667 2214 technas,
683 2151 716 2202 et
730 2153 835 2204 tamen
850 2138 990 2227 undique
1003 2140 1123 2204 vincor.

354 2223 506 2287 Attamen
522 2243 593 2286 cum
611 2221 784 2288 Calchante
799 2237 869 2291 vste

354 2307 443 2385 Quid
457 2309 538 2375 Deae
552 2322 689 2395 gramm,
704 2309 782 2376 mihi
794 2333 870 2377 vero
884 2333 950 2378 non
963 2311 1040 2377 felix
1053 2321 1110 2386 est,

353 2395 591 2480 Deprecaturus
606 2417 654 2472 eo,
668 2417 750 2462 onus
765 2398 912 2464 Graecioe.

355 2481 494 2566 Oportet
508 2492 612 2546 autem
627 2482 729 2546 virum
744 2486 915 2569 sapientem
930 2485 964 2548 in
978 2482 1100 2547 aedibus
1112 2479 1197 2546 alere
1289 2483 1346 2545 74⁰

357 2567 499 2634 Uxorem
515 2569 713 2632 commodam
727 2582 758 2634 et
772 2569 899 2648 bonam,
915 2582 970 2636 aut
985 2571 1101 2636 ommno
1114 2565 1236 2632 nullam
1250 2563 1336 2630 alera.

268 2677 346 2722 cuo.
356 2653 470 2719 Veniet
484 2653 581 2742 igitur
595 2653 636 2718 ad
653 2655 814 2721 Simoenta
827 2671 860 2722 et
1269 2649 1345 2736 (ur.)

356 2741 532 2828 Argenteus
545 2741 679 2805 vortices

357 2827 468 2892 Coetus
481 2828 637 2891 exercitus
655 2825 843 2891 Graecorum

356 2911 440 2978 carn
454 2913 586 2978 natibus
600 2925 631 2977 et
645 2934 717 2978 cum
733 2912 828 2978 armis

355 3001 406 3064 Ad
420 2997 516 3063 Ilium
529 2999 561 3063 in
578 2997 686 3084 Trojoe

357 3083 547 3149 Pboebe'lurn
565 3085 678 3162 solum,

356 3169 424 3235 Ubi
437 3169 534 3234 sudio
548 3169 759 3236 Cassandram

355 3254 544 3321 Diffundere
557 3256 654 3320 flavos
668 3257 769 3323 mnes

355 3341 459 3406 viridi
471 3364 588 3407 corona
600 3340 682 3406 lauri

356 3426 522 3505 Oresten,
535 3429 660 3514 quando
675 3427 739 3495 Dei

356 3514 494 3580 Vaticini
508 3515 660 3600 impulsus
674 3515 803 3596 spirant.

356 3600 494 3666 Stabunt
506 3615 610 3666 autem
626 3601 659 3664 in
676 3599 837 3688 Pergamis

356 3686 465 3774 Trojoe
480 3699 511 3751 et
525 3687 610 3752 circa
623 3707 731 3752 muros

356 3771 499 3859 Trojani,
514 3793 587 3839 cum
603 3771 694 3838 Mars
707 3773 798 3837 oereis
811 3772 906 3836 scutis
919 3783 1055 3836 armatus

356 3858 443 3924 Mari
458 3871 565 3926 vectus
579 3859 699 3924 ratibus
713 3858 793 3923 bene
806 3857 948 3924 rostratis

357 3946 576 4046 Remigatione
589 3944 856 4032 appropinquabit

357 4030 409 4095 Ad
426 4033 593 4098 Simoentis
608 4031 720 4108 alveos,

356 4116 563 4183 Geminorum
579 4119 611 4183 in
626 4116 710 4184 coelo

355 4203 583 4270 Dioscurorum
597 4227 724 4270 sororem
741 4201 894 4268 Helenam
