2784 4864
653 215 980 290 EURIPIDIS

361 389 468 457 nuntia
482 399 612 476 propter
624 391 746 458 endem
757 393 867 479 preda

361 473 532 542 Veloeibna
544 474 766 544 circumferens
778 479 888 550 oonloa

361 561 462 628 Filiae
475 564 752 652 Agamennonina.

360 647 394 714 0
407 649 511 726 miaer,
525 649 653 736 qnando
666 650 776 716 matria

361 733 539 800 Mammam
552 746 692 801 exertam
705 735 814 801 videns

360 819 416 886 Ex
431 822 535 886 aureia
547 821 682 888 vestibus

361 905 505 973 Patravit
517 907 767 986 eaedemmattia,

226 1041 229 1050 .
360 991 493 1060 Paterni
505 1015 595 1059 eaaua
607 993 641 1058 in
656 993 818 1059 ultione..

276 1097 352 1147 nnn.
362 1077 527 1156 Mulieres,
538 1100 579 1144 an
590 1077 697 1180 aliquo
709 1079 788 1144 abiit
799 1078 841 1144 ab
854 1075 904 1144 hia
916 1077 1038 1146 eninm

361 1163 464 1232 Miser
476 1165 615 1243 Oratae,
630 1177 732 1231 viatus
744 1163 894 1230 divinitate
907 1165 1043 1232 immissa
1055 1167 1170 1235 rabie?

275 1271 353 1318 eno.
363 1251 457 1328 Non3
474 1251 529 1316 aed
543 1252 631 1316 vadit
643 1250 685 1316 ad
696 1249 851 1338 populum
864 1253 1028 1339 Argivum,

359 1337 414 1402 De
422 1336 488 1402 vita
500 1337 697 1423 proponitum
711 1349 870 1404 oertamen

361 1421 527 1500 Obitarua,
541 1423 575 1486 in
590 1443 654 1507 quo
666 1434 791 1507 oportet
803 1445 859 1488 vae
872 1423 964 1502 mori,
979 1437 1036 1490 ant
1046 1426 1162 1492 vivete.

274 1528 348 1574 aaa.
362 1507 429 1573 Hei
443 1506 540 1572 mihi!
563 1506 636 1572 feeit
649 1529 819 1593 quamnam
830 1506 923 1574 rem?
943 1511 1013 1596 qnia
1025 1511 1181 1596 persuasit
1193 1516 1305 1582 mm?

273 1592 514 1680 cuoPyladeaz
537 1593 592 1658 aed
605 1593 730 1658 videtur
741 1595 801 1658 iate
812 1595 946 1660 nuncius
958 1597 1023 1660 aito

357 1679 522 1760 Dionia,
536 1679 612 1765 qnid
625 1679 667 1744 ait
678 1680 723 1745 ibi
736 1679 854 1746 iactum
866 1681 908 1746 de
920 1693 977 1747 tao
989 1681 1095 1749 fratre.
1300 1695 1374 1757 840

273 1764 394 1832 anno
408 1765 532 1842 misera,
548 1764 581 1831 O
595 1764 704 1831 infelix
715 1765 804 1830 duaia

358 1850 608 1939 Agamemnonis
620 1849 697 1929 lilia,
710 1851 887 1918 venenanda
900 1852 1037 1933 Electra,
1051 1877 1214 1925 aermanea

358 1935 458 2014 Audi,
472 1958 553 2022 quoa
565 1934 704 2003 infelices
718 1938 776 2003 tibi
788 1936 890 2003 serena
902 1941 1045 2007 advenio.

272 2039 346 2088 aua.
360 2019 436 2099 Hei,
452 2021 525 2087 hei:
588 2022 704 2089 timna:
726 2045 767 2089 ne
780 2025 903 2109 parcito
916 2027 1061 2093 orationi.

172 2157 178 2170 ,
359 2107 443 2172 Nam
456 2043 1065 2182 utncllur‚vmnnnnousmdomm.

273 2191 491 2258 nuttfflcnlo
504 2193 704 2296 Αιῃίνοπιω,
719 2207 755 2259 ut
768 2195 975 2261 interficiatur
988 2211 1060 2265 tuus
1072 2199 1182 2279 irater,

358 2277 402 2342 Et
414 2289 461 2359 tn,
473 2277 505 2343 O
520 2301 642 2358 manera,
656 2291 807 2346 statutum
822 2297 870 2346 eat
883 2281 987 2348 hodie.

271 2383 348 2430 aaa.
361 2363 426 2430 Ilei
440 2362 528 2442 mihi,
543 2365 628 2430 venit
642 2387 723 2450 spen,
738 2389 832 2453 quam
846 2381 987 2434 metuens

356 2448 457 2526 Olim,
469 2462 599 2534 propter
612 2450 718 2517 lutura
731 2453 986 2520 eontabeeoebam
999 2456 1146 2525 luetibna.

356 2534 421 2602 Sed
430 2534 506 2621 quid
516 2535 697 2602 certamen?
717 2559 861 2624 quaenam
874 2541 1031 2606 orationes
1044 2543 1127 2610 inter
1140 2543 1284 2636 Aigitna
1293 2562 1367 2622 850

353 2620 595 2687 Damnaverunt
608 2644 675 2700 noa,
690 2636 722 2688 et
735 2624 932 2690 sanciverunt
946 2627 1051 2694 mori?

355 2705 429 2782 Dia,
445 2704 479 2771 0
492 2728 597 2785 senex,
614 2721 718 2774 atrum
734 2709 891 2794 lapidante
903 2733 1010 2791 mann,

354 2790 409 2854 An
422 2813 480 2877 per
493 2790 611 2856 ferrnm
625 2807 748 2878 oportet
762 2817 812 2861 me
824 2795 1013 2883 abrumpere
1026 2803 1183 2886 spiritam,

355 2875 537 2942 Habentem
551 2879 742 2944 calamitates
755 2903 828 2948 cnm
840 2881 938 2948 fratoe
950 2887 1158 2954 communen?

269 2959 452 3028 aaaAEtam
467 2961 549 3027 forte
562 2985 603 3029 ex
618 2987 696 3052 agro
709 2967 793 3032 intra
805 2981 912 3052 portas

355 3046 490 3124 Vadena,
505 3042 612 3114 volens
624 3051 734 3116 andire
746 3073 818 3138 quae
831 3053 872 3119 ad
887 3069 919 3120 te
931 3057 1105 3124 attinebant

352 3129 396 3198 Et
411 3130 572 3198 Orestem:
593 3156 667 3200 nam
681 3159 758 3224 erga
771 3151 860 3204 tuum
873 3153 996 3226 patrem
1009 3143 1262 3216 benevolentiam

352 3218 484 3302 Semper
497 3218 605 3297 habai,
618 3233 651 3286 et
662 3244 714 3287 me
726 3223 805 3290 alait
817 3237 872 3290 tua
884 3225 1004 3294 familia

351 3303 528 3388 Pauperem
542 3305 679 3392 quidem,
694 3308 750 3374 aed
763 3331 839 3397 erga
851 3313 969 3379 amiooa
981 3337 1181 3402 generatum.

350 3389 395 3454 Et
407 3388 499 3454 video
511 3391 664 3477 populum
678 3407 805 3460 euntem
816 3409 849 3462 et
862 3398 1050 3467 ineidmtem
1064 3405 1201 3490 tamaio,
1286 3422 1361 3482 860

350 3473 419 3541 Ubi
432 3474 543 3541 dieunt
556 3478 693 3562 primum
707 3481 856 3548 Danaam
1028 3487 1132 3556 inlite

350 3559 605 3646 Respondentem
620 3587 827 3656 oongregaaae
939 3593 993 3636 um
1007 3595 1179 3642 anamma.

348 3644 469 3712 Vident
478 3651 764 3738 oongregnionem,
774 3667 807 3720 et
815 3654 849 3718 in
974 3659 1006 3722 vi
1015 3659 1153 3748 aliquem
1162 3685 1203 3730 ex
1212 3665 1357 3754 civibus,

348 3730 438 3809 Quid
452 3754 569 3798 novum
584 3735 703 3824 Argia?
722 3759 800 3804 num
835 3668 1110 3826 afflatione

347 3815 509 3884 Nunnium
523 3819 670 3888 excitavit
684 3823 794 3890 arbem
844 3829 1020 3895 anaidum?

347 3901 408 3968 Illa
420 3903 519 3982 dixin
541 3925 649 3972 nonne
662 3908 750 3976 videa
763 3911 850 3978 illam
866 3911 1016 3984 Orestem
1026 3940 1128 4007 pmpe

346 3987 495 4068 Eantem,
510 3991 565 4078 qui
578 4005 683 4060 curret
696 3993 787 4062 letale
799 4005 982 4068 certamen?

345 4072 646 4163 Wdeoinaperatnm
654 4083 969 4174 spectaculumqnod
978 4092 1099 4161 atinam
1108 4093 1356 4185 nonnam,

394 4159 1026 4242 ladenettuumstatremeanteaaimnl:

383 4249 578 4318 unctratem
593 4250 823 4342 etlanguidnm
836 4257 960 4340 morbo,
1282 4281 1356 4346 370
