<?xml version="1.0" encoding="UTF-8"?>
<!DOCTYPE html PUBLIC "-//W3C//DTD XHTML 1.0 Transitional//EN"
    "http://www.w3.org/TR/xhtml1/DTD/xhtml1-transitional.dtd">
<html xmlns="http://www.w3.org/1999/xhtml" xml:lang="en" lang="en">
 <head>
  <title>
</title>
<meta http-equiv="Content-Type" content="text/html;charset=utf-8" />
  <meta name='ocr-system' content='tesseract 3.04.00' />
  <meta name='ocr-capabilities' content='ocr_page ocr_carea ocr_par ocr_line ocrx_word'/>
</head>
<body>
  <div class='ocr_page' id='page_1' title='image "./euripidistragoe00mattgoog/euripidistragoe00mattgoog_0609.png"; bbox 0 0 2888 4856; ppageno 0'>
   <div class='ocr_carea' id='block_1_1' title="bbox 291 209 998 285">
    <p class='ocr_par' dir='ltr' id='par_1_1' title="bbox 291 209 998 285">
     <span class='ocr_line' id='line_1_1' title="bbox 291 209 998 285; baseline 0.016 -11"><span class='ocrx_word' id='word_1_1' title='bbox 291 217 354 274; x_wconf 74' lang='lat'><strong>604</strong></span> <span class='ocrx_word' id='word_1_2' title='bbox 639 209 998 285; x_wconf 66' lang='lat' dir='ltr'><strong>,sumptum</strong></span> 
     </span>
    </p>
   </div>
   <div class='ocr_carea' id='block_1_2' title="bbox 186 386 1431 4356">
    <p class='ocr_par' dir='ltr' id='par_1_2' title="bbox 186 386 1431 4356">
     <span class='ocr_line' id='line_1_2' title="bbox 186 386 924 474; baseline 0.009 -22"><span class='ocrx_word' id='word_1_3' title='bbox 186 461 189 466; x_wconf 39' lang='grc'>,</span> <span class='ocrx_word' id='word_1_4' title='bbox 377 386 494 466; x_wconf 78' lang='lat' dir='ltr'><strong>Perfer,</strong></span> <span class='ocrx_word' id='word_1_5' title='bbox 509 386 684 453; x_wconf 80' lang='lat' dir='ltr'><strong>focinmum</strong></span> <span class='ocrx_word' id='word_1_6' title='bbox 701 411 810 474; x_wconf 84' lang='lat' dir='ltr'><strong>poenss</strong></span> <span class='ocrx_word' id='word_1_7' title='bbox 824 391 924 459; x_wconf 87' lang='lat' dir='ltr'><strong>luens.</strong></span> 
     </span>
     <span class='ocr_line' id='line_1_3' title="bbox 288 471 1373 570; baseline 0.008 -29"><span class='ocrx_word' id='word_1_8' title='bbox 288 473 465 551; x_wconf 79' lang='lat' dir='ltr'><strong>sa.l.Quis,</strong></span> <span class='ocrx_word' id='word_1_9' title='bbox 481 471 622 538; x_wconf 83' lang='lat' dir='ltr'><strong>mortalis</strong></span> <span class='ocrx_word' id='word_1_10' title='bbox 636 475 784 558; x_wconf 81' lang='lat' dir='ltr'><strong>existens,</strong></span> <span class='ocrx_word' id='word_1_11' title='bbox 800 477 887 543; x_wconf 88' lang='lat' dir='ltr'><strong>Deos</strong></span> <span class='ocrx_word' id='word_1_12' title='bbox 899 478 1043 565; x_wconf 88' lang='lat' dir='ltr'><strong>polluens</strong></span> <span class='ocrx_word' id='word_1_13' title='bbox 1056 480 1214 566; x_wconf 80' lang='lat' dir='ltr'><strong>injustitia</strong></span> <span class='ocrx_word' id='word_1_14' title='bbox 1242 489 1319 570; x_wconf 71' lang='lat' dir='ltr'><strong>(art</strong></span> <span class='ocrx_word' id='word_1_15' title='bbox 1330 487 1373 566; x_wconf 75' lang='lat'><strong>2.)</strong></span> 
     </span>
     <span class='ocr_line' id='line_1_4' title="bbox 348 560 1371 648; baseline 0.013 -24"><span class='ocrx_word' id='word_1_16' title='bbox 348 598 350 606; x_wconf 47' lang='grc' dir='ltr'><strong><em>ι</em></strong></span> <span class='ocrx_word' id='word_1_17' title='bbox 375 560 512 628; x_wconf 79' lang='lat' dir='ltr'>Stultum</span> <span class='ocrx_word' id='word_1_18' title='bbox 528 581 703 626; x_wconf 85' lang='lat' dir='ltr'><strong>sermonem</strong></span> <span class='ocrx_word' id='word_1_19' title='bbox 719 581 830 628; x_wconf 86' lang='lat' dir='ltr'><strong>contra</strong></span> <span class='ocrx_word' id='word_1_20' title='bbox 844 564 951 630; x_wconf 83' lang='lat' dir='ltr'><strong>beatos</strong></span> <span class='ocrx_word' id='word_1_21' title='bbox 965 567 1082 632; x_wconf 71' lang='lat' dir='ltr'><strong>caelites</strong></span> <span class='ocrx_word' id='word_1_22' title='bbox 1094 565 1211 648; x_wconf 76' lang='lat' dir='ltr'><strong>effutit,</strong></span> <span class='ocrx_word' id='word_1_23' title='bbox 1313 579 1371 642; x_wconf 73' lang='lat'><strong>740</strong></span> 
     </span>
     <span class='ocr_line' id='line_1_5' title="bbox 308 646 785 732; baseline 0.008 -22"><span class='ocrx_word' id='word_1_24' title='bbox 308 717 311 724; x_wconf 59' lang='grc'>,</span> <span class='ocrx_word' id='word_1_25' title='bbox 375 647 472 724; x_wconf 86' lang='lat' dir='ltr'><strong>Quod</strong></span> <span class='ocrx_word' id='word_1_26' title='bbox 487 647 531 712; x_wconf 90' lang='lat' dir='ltr'><strong>dii</strong></span> <span class='ocrx_word' id='word_1_27' title='bbox 547 646 626 710; x_wconf 84' lang='lat' dir='ltr'><strong>nihil</strong></span> <span class='ocrx_word' id='word_1_28' title='bbox 640 648 785 732; x_wconf 77' lang='lat' dir='ltr'><strong>possint?</strong></span> 
     </span>
     <span class='ocr_line' id='line_1_6' title="bbox 286 733 968 821; baseline 0.001 -20"><span class='ocrx_word' id='word_1_29' title='bbox 286 733 479 810; x_wconf 67' lang='lat' dir='ltr'><strong>mesenes,</strong></span> <span class='ocrx_word' id='word_1_30' title='bbox 496 753 559 796; x_wconf 92' lang='lat' dir='ltr'><strong>non</strong></span> <span class='ocrx_word' id='word_1_31' title='bbox 575 746 621 798; x_wconf 84' lang='lat' dir='ltr'><strong>est</strong></span> <span class='ocrx_word' id='word_1_32' title='bbox 634 735 768 819; x_wconf 88' lang='lat' dir='ltr'><strong>amplius</strong></span> <span class='ocrx_word' id='word_1_33' title='bbox 783 737 896 821; x_wconf 86' lang='lat' dir='ltr'><strong>impius</strong></span> <span class='ocrx_word' id='word_1_34' title='bbox 909 737 968 802; x_wconf 83' lang='lat' dir='ltr'><strong>vir.</strong></span> 
     </span>
     <span class='ocr_line' id='line_1_7' title="bbox 372 819 1053 888; baseline 0.006 -4"><span class='ocrx_word' id='word_1_35' title='bbox 372 821 495 884; x_wconf 82' lang='lat' dir='ltr'><strong>Tacent</strong></span> <span class='ocrx_word' id='word_1_36' title='bbox 509 819 604 884; x_wconf 80' lang='lat' dir='ltr'><strong>atria:</strong></span> <span class='ocrx_word' id='word_1_37' title='bbox 627 821 665 884; x_wconf 91' lang='lat' dir='ltr'><strong>ad</strong></span> <span class='ocrx_word' id='word_1_38' title='bbox 681 824 793 886; x_wconf 87' lang='lat' dir='ltr'><strong>choros</strong></span> <span class='ocrx_word' id='word_1_39' title='bbox 807 843 864 886; x_wconf 86' lang='lat' dir='ltr'><strong>nos</strong></span> <span class='ocrx_word' id='word_1_40' title='bbox 878 839 1053 888; x_wconf 81' lang='lat' dir='ltr'><strong>vertamus:</strong></span> 
     </span>
     <span class='ocr_line' id='line_1_8' title="bbox 371 906 986 991; baseline 0.002 -19"><span class='ocrx_word' id='word_1_41' title='bbox 371 907 475 972; x_wconf 87' lang='lat' dir='ltr'>Amici</span> <span class='ocrx_word' id='word_1_42' title='bbox 488 906 584 986; x_wconf 90' lang='lat' dir='ltr'><strong>enim,</strong></span> <span class='ocrx_word' id='word_1_43' title='bbox 599 928 676 991; x_wconf 85' lang='lat' dir='ltr'><strong>quos</strong></span> <span class='ocrx_word' id='word_1_44' title='bbox 691 908 771 984; x_wconf 87' lang='lat' dir='ltr'><strong>volo,</strong></span> <span class='ocrx_word' id='word_1_45' title='bbox 786 908 890 973; x_wconf 81' lang='lat' dir='ltr'><strong>felices</strong></span> <span class='ocrx_word' id='word_1_46' title='bbox 904 924 986 974; x_wconf 85' lang='lat' dir='ltr'><strong>sunt.</strong></span> 
     </span>
     <span class='ocr_line' id='line_1_9' title="bbox 286 991 1370 1082; baseline 0.005 -22"><span class='ocrx_word' id='word_1_47' title='bbox 286 992 512 1068; x_wconf 74' lang='lat' dir='ltr'><strong>cumChoreae,</strong></span> <span class='ocrx_word' id='word_1_48' title='bbox 528 991 653 1056; x_wconf 66' lang='lat' dir='ltr'><strong>choreae</strong></span> <span class='ocrx_word' id='word_1_49' title='bbox 668 1005 699 1057; x_wconf 87' lang='lat' dir='ltr'><strong>et</strong></span> <span class='ocrx_word' id='word_1_50' title='bbox 712 995 853 1058; x_wconf 84' lang='lat' dir='ltr'><strong>convivio</strong></span> <span class='ocrx_word' id='word_1_51' title='bbox 868 1009 1003 1082; x_wconf 84' lang='lat' dir='ltr'><strong>agantur</strong></span> <span class='ocrx_word' id='word_1_52' title='bbox 1244 1003 1315 1082; x_wconf 73' lang='lat' dir='ltr'><strong>(eu.</strong></span> <span class='ocrx_word' id='word_1_53' title='bbox 1330 1001 1370 1082; x_wconf 82' lang='grc' dir='ltr'><strong>Ι.)</strong></span> 
     </span>
     <span class='ocr_line' id='line_1_10' title="bbox 372 1071 896 1163; baseline -0.002 -18"><span class='ocrx_word' id='word_1_54' title='bbox 372 1080 554 1145; x_wconf 83' lang='lat' dir='ltr'><strong>Thebarum</strong></span> <span class='ocrx_word' id='word_1_55' title='bbox 570 1071 627 1163; x_wconf 91' lang='lat' dir='ltr'><strong>pei·</strong></span> <span class='ocrx_word' id='word_1_56' title='bbox 641 1101 760 1143; x_wconf 85' lang='lat' dir='ltr'><strong>sacram</strong></span> <span class='ocrx_word' id='word_1_57' title='bbox 778 1080 896 1144; x_wconf 88' lang='lat' dir='ltr'><strong>urbem.</strong></span> 
     </span>
     <span class='ocr_line' id='line_1_11' title="bbox 373 1165 897 1252; baseline 0.002 -22"><span class='ocrx_word' id='word_1_58' title='bbox 373 1165 565 1230; x_wconf 86' lang='lat' dir='ltr'><strong>Mutationes</strong></span> <span class='ocrx_word' id='word_1_59' title='bbox 579 1165 661 1228; x_wconf 89' lang='lat' dir='ltr'><strong>enim</strong></span> <span class='ocrx_word' id='word_1_60' title='bbox 675 1165 897 1252; x_wconf 81' lang='lat' dir='ltr'><strong>lacrymarum,</strong></span> 
     </span>
     <span class='ocr_line' id='line_1_12' title="bbox 373 1247 713 1317; baseline -0.009 0"><span class='ocrx_word' id='word_1_61' title='bbox 373 1250 566 1317; x_wconf 88' lang='lat' dir='ltr'><strong>Mutationes</strong></span> <span class='ocrx_word' id='word_1_62' title='bbox 579 1247 713 1314; x_wconf 75' lang='lat' dir='ltr'><strong>fortunae</strong></span> 
     </span>
     <span class='ocr_line' id='line_1_13' title="bbox 372 1338 663 1423; baseline -0.01 -21"><span class='ocrx_word' id='word_1_63' title='bbox 372 1338 531 1423; x_wconf 83' lang='lat' dir='ltr'><strong>Peperunt</strong></span> <span class='ocrx_word' id='word_1_64' title='bbox 544 1349 663 1400; x_wconf 86' lang='lat' dir='ltr'><strong>cantus.</strong></span> 
     </span>
     <span class='ocr_line' id='line_1_14' title="bbox 370 1421 973 1509; baseline -0.002 -21"><span class='ocrx_word' id='word_1_65' title='bbox 370 1423 459 1488; x_wconf 88' lang='lat' dir='ltr'><strong>Abiit</strong></span> <span class='ocrx_word' id='word_1_66' title='bbox 472 1444 572 1486; x_wconf 82' lang='lat' dir='ltr'><strong>novus</strong></span> <span class='ocrx_word' id='word_1_67' title='bbox 585 1422 637 1486; x_wconf 90' lang='lat' dir='ltr'><strong>ille</strong></span> <span class='ocrx_word' id='word_1_68' title='bbox 652 1444 719 1503; x_wconf 85' lang='lat' dir='ltr'><strong>rex,</strong></span> <span class='ocrx_word' id='word_1_69' title='bbox 730 1421 783 1488; x_wconf 88' lang='lat' dir='ltr'><strong>ille</strong></span> <span class='ocrx_word' id='word_1_70' title='bbox 795 1445 871 1489; x_wconf 84' lang='lat' dir='ltr'><strong>vero</strong></span> <span class='ocrx_word' id='word_1_71' title='bbox 884 1425 973 1509; x_wconf 84' lang='lat' dir='ltr'><strong>prior</strong></span> 
     </span>
     <span class='ocr_line' id='line_1_15' title="bbox 371 1507 965 1597; baseline 0 -23"><span class='ocrx_word' id='word_1_72' title='bbox 371 1511 506 1597; x_wconf 82' lang='lat' dir='ltr'><strong>Regnat,</strong></span> <span class='ocrx_word' id='word_1_73' title='bbox 524 1507 717 1573; x_wconf 86' lang='lat' dir='ltr'><strong>Acherontio</strong></span> <span class='ocrx_word' id='word_1_74' title='bbox 732 1523 824 1594; x_wconf 85' lang='lat' dir='ltr'><strong>portu</strong></span> <span class='ocrx_word' id='word_1_75' title='bbox 839 1511 965 1576; x_wconf 81' lang='lat' dir='ltr'><strong>relicto:</strong></span> 
     </span>
     <span class='ocr_line' id='line_1_16' title="bbox 369 1594 921 1681; baseline 0.004 -21"><span class='ocrx_word' id='word_1_76' title='bbox 369 1595 466 1660; x_wconf 82' lang='lat' dir='ltr'><strong>Venit</strong></span> <span class='ocrx_word' id='word_1_77' title='bbox 480 1594 589 1659; x_wconf 87' lang='lat' dir='ltr'><strong>loetitiu</strong></span> <span class='ocrx_word' id='word_1_78' title='bbox 603 1609 719 1680; x_wconf 87' lang='lat' dir='ltr'><strong>praeter</strong></span> <span class='ocrx_word' id='word_1_79' title='bbox 732 1597 921 1681; x_wconf 86' lang='lat' dir='ltr'><strong>opinionem.</strong></span> 
     </span>
     <span class='ocr_line' id='line_1_17' title="bbox 368 1679 888 1767; baseline 0.002 -20"><span class='ocrx_word' id='word_1_80' title='bbox 368 1683 438 1762; x_wconf 89' lang='lat' dir='ltr'><strong>Dii,</strong></span> <span class='ocrx_word' id='word_1_81' title='bbox 453 1681 507 1745; x_wconf 93' lang='lat' dir='ltr'><strong>Dii</strong></span> <span class='ocrx_word' id='word_1_82' title='bbox 522 1679 605 1744; x_wconf 89' lang='lat' dir='ltr'><strong>haud</strong></span> <span class='ocrx_word' id='word_1_83' title='bbox 622 1681 717 1745; x_wconf 88' lang='lat' dir='ltr'><strong>dubie</strong></span> <span class='ocrx_word' id='word_1_84' title='bbox 730 1684 842 1767; x_wconf 84' lang='lat' dir='ltr'><strong>impios</strong></span> <span class='ocrx_word' id='word_1_85' title='bbox 856 1697 888 1748; x_wconf 89' lang='lat' dir='ltr'><strong>et</strong></span> 
     </span>
     <span class='ocr_line' id='line_1_18' title="bbox 370 1767 720 1834; baseline -0.006 0"><span class='ocrx_word' id='word_1_86' title='bbox 370 1769 443 1834; x_wconf 88' lang='lat' dir='ltr'><strong>Pios</strong></span> <span class='ocrx_word' id='word_1_87' title='bbox 458 1767 720 1833; x_wconf 84' lang='lat' dir='ltr'><strong>animadvertunt.</strong></span> 
     </span>
     <span class='ocr_line' id='line_1_19' title="bbox 367 1853 678 1920; baseline -0.006 0"><span class='ocrx_word' id='word_1_88' title='bbox 367 1859 489 1920; x_wconf 87' lang='lat' dir='ltr'><strong>Aurum</strong></span> <span class='ocrx_word' id='word_1_89' title='bbox 504 1867 535 1919; x_wconf 88' lang='lat' dir='ltr'><strong>et</strong></span> <span class='ocrx_word' id='word_1_90' title='bbox 549 1853 678 1918; x_wconf 85' lang='lat' dir='ltr'><strong>felicitas</strong></span> 
     </span>
     <span class='ocr_line' id='line_1_20' title="bbox 368 1939 819 2018; baseline 0.002 -12"><span class='ocrx_word' id='word_1_91' title='bbox 368 1941 525 2006; x_wconf 88' lang='lat' dir='ltr'><strong>Homines</strong></span> <span class='ocrx_word' id='word_1_92' title='bbox 542 1941 650 2004; x_wconf 86' lang='lat' dir='ltr'><strong>incitat</strong></span> <span class='ocrx_word' id='word_1_93' title='bbox 665 1939 819 2018; x_wconf 85' lang='lat' dir='ltr'><strong>meditari,</strong></span> 
     </span>
     <span class='ocr_line' id='line_1_21' title="bbox 369 2026 892 2110; baseline -0.002 -18"><span class='ocrx_word' id='word_1_94' title='bbox 369 2026 546 2092; x_wconf 81' lang='lat' dir='ltr'><strong>Potentiam</strong></span> <span class='ocrx_word' id='word_1_95' title='bbox 560 2027 735 2110; x_wconf 73' lang='lat' dir='ltr'><strong>(invictum)</strong></span> <span class='ocrx_word' id='word_1_96' title='bbox 750 2027 892 2092; x_wconf 85' lang='lat' dir='ltr'><strong>afferens.</strong></span> 
     </span>
     <span class='ocr_line' id='line_1_22' title="bbox 345 2112 1321 2200; baseline -0.003 -21"><span class='ocrx_word' id='word_1_97' title='bbox 345 2147 347 2152; x_wconf 50' lang='lat'><strong><em>¹</em></strong></span> <span class='ocrx_word' id='word_1_98' title='bbox 366 2114 533 2198; x_wconf 80' lang='lat' dir='ltr'><strong>Temporis</strong></span> <span class='ocrx_word' id='word_1_99' title='bbox 547 2113 630 2176; x_wconf 86' lang='lat' dir='ltr'><strong>enim</strong></span> <span class='ocrx_word' id='word_1_100' title='bbox 646 2135 708 2178; x_wconf 91' lang='lat' dir='ltr'><strong>non</strong></span> <span class='ocrx_word' id='word_1_101' title='bbox 725 2115 878 2178; x_wconf 89' lang='lat' dir='ltr'><strong>sustinens</strong></span> <span class='ocrx_word' id='word_1_102' title='bbox 892 2112 1134 2178; x_wconf 83' lang='lat' dir='ltr'><strong>vicissitudinem</strong></span> <span class='ocrx_word' id='word_1_103' title='bbox 1151 2116 1321 2200; x_wconf 76' lang='lat' dir='ltr'><strong>respicere,</strong></span> 
     </span>
     <span class='ocr_line' id='line_1_23' title="bbox 367 2198 1197 2288; baseline -0.001 -23"><span class='ocrx_word' id='word_1_104' title='bbox 367 2200 429 2266; x_wconf 87' lang='lat' dir='ltr'><strong>Sed</strong></span> <span class='ocrx_word' id='word_1_105' title='bbox 444 2199 545 2288; x_wconf 89' lang='lat' dir='ltr'><strong>legem</strong></span> <span class='ocrx_word' id='word_1_106' title='bbox 561 2198 728 2286; x_wconf 79' lang='lat' dir='ltr'><strong>negligens,</strong></span> <span class='ocrx_word' id='word_1_107' title='bbox 743 2213 776 2264; x_wconf 92' lang='lat' dir='ltr'><strong>et</strong></span> <span class='ocrx_word' id='word_1_108' title='bbox 790 2200 944 2285; x_wconf 87' lang='lat' dir='ltr'><strong>iniquitati</strong></span> <span class='ocrx_word' id='word_1_109' title='bbox 959 2201 1197 2286; x_wconf 82' lang='lat' dir='ltr'><strong>obtemperans:</strong></span> 
     </span>
     <span class='ocr_line' id='line_1_24' title="bbox 367 2283 1358 2373; baseline -0.001 -22"><span class='ocrx_word' id='word_1_110' title='bbox 367 2283 473 2373; x_wconf 81' lang='lat' dir='ltr'><strong>Fregit</strong></span> <span class='ocrx_word' id='word_1_111' title='bbox 486 2287 640 2372; x_wconf 84' lang='lat' dir='ltr'><strong>insignem</strong></span> <span class='ocrx_word' id='word_1_112' title='bbox 655 2287 824 2371; x_wconf 75' lang='lat' dir='ltr'><strong>opulentiae</strong></span> <span class='ocrx_word' id='word_1_113' title='bbox 839 2307 977 2350; x_wconf 80' lang='lat' dir='ltr'><strong>currum.</strong></span> <span class='ocrx_word' id='word_1_114' title='bbox 1296 2297 1358 2359; x_wconf 81' lang='grc'><strong>760</strong></span> 
     </span>
     <span class='ocr_line' id='line_1_25' title="bbox 365 2373 1357 2460; baseline 0.004 -22"><span class='ocrx_word' id='word_1_115' title='bbox 365 2373 586 2444; x_wconf 80' lang='lat' dir='ltr'><strong>Ismenoserta</strong></span> <span class='ocrx_word' id='word_1_116' title='bbox 598 2393 681 2460; x_wconf 86' lang='lat' dir='ltr'><strong>gere,</strong></span> <span class='ocrx_word' id='word_1_117' title='bbox 1227 2380 1296 2459; x_wconf 75' lang='lat' dir='ltr'><strong>(sir.</strong></span> <span class='ocrx_word' id='word_1_118' title='bbox 1312 2379 1357 2458; x_wconf 75' lang='grc'><strong>2.)</strong></span> 
     </span>
     <span class='ocr_line' id='line_1_26' title="bbox 365 2457 1030 2544; baseline -0.006 -20"><span class='ocrx_word' id='word_1_119' title='bbox 365 2459 407 2524; x_wconf 88' lang='lat' dir='ltr'><strong>Et</strong></span> <span class='ocrx_word' id='word_1_120' title='bbox 422 2457 512 2523; x_wconf 85' lang='lat' dir='ltr'><strong>nitidi</strong></span> <span class='ocrx_word' id='word_1_121' title='bbox 526 2457 611 2544; x_wconf 85' lang='lat' dir='ltr'><strong>urbis</strong></span> <span class='ocrx_word' id='word_1_122' title='bbox 625 2457 1030 2544; x_wconf 75' lang='lat' dir='ltr'><strong>septem-portesbabentis,</strong></span> 
     </span>
     <span class='ocr_line' id='line_1_27' title="bbox 367 2545 676 2623; baseline -0.006 -13"><span class='ocrx_word' id='word_1_123' title='bbox 367 2545 445 2623; x_wconf 89' lang='lat' dir='ltr'><strong>Vici,</strong></span> <span class='ocrx_word' id='word_1_124' title='bbox 461 2545 579 2608; x_wconf 85' lang='lat' dir='ltr'><strong>saltate.</strong></span> <span class='ocrx_word' id='word_1_125' title='bbox 666 2569 676 2588; x_wconf 94' lang='lat'><strong>·</strong></span> 
     </span>
     <span class='ocr_line' id='line_1_28' title="bbox 364 2628 788 2710; baseline -0.012 -11"><span class='ocrx_word' id='word_1_126' title='bbox 364 2633 406 2698; x_wconf 83' lang='lat' dir='ltr'><strong>Et</strong></span> <span class='ocrx_word' id='word_1_127' title='bbox 421 2631 518 2696; x_wconf 88' lang='lat' dir='ltr'><strong>Dirce</strong></span> <span class='ocrx_word' id='word_1_128' title='bbox 555 2628 788 2710; x_wconf 81' lang='lat' dir='ltr'><strong>ulchre-fluens,</strong></span> 
     </span>
     <span class='ocr_line' id='line_1_29' title="bbox 361 2715 839 2804; baseline -0.008 -20"><span class='ocrx_word' id='word_1_129' title='bbox 361 2721 491 2794; x_wconf 82' lang='lat' dir='ltr'><strong>Erana,</strong></span> <span class='ocrx_word' id='word_1_130' title='bbox 539 2715 667 2804; x_wconf 80' lang='lat' dir='ltr'><strong>ympbee</strong></span> <span class='ocrx_word' id='word_1_131' title='bbox 682 2715 839 2800; x_wconf 82' lang='lat' dir='ltr'><strong>Asopicae,</strong></span> 
     </span>
     <span class='ocr_line' id='line_1_30' title="bbox 328 2802 959 2889; baseline -0.006 -19"><span class='ocrx_word' id='word_1_132' title='bbox 328 2849 330 2856; x_wconf 90' lang='lat'>·</span> <span class='ocrx_word' id='word_1_133' title='bbox 361 2807 410 2870; x_wconf 89' lang='lat' dir='ltr'><strong>Ite</strong></span> <span class='ocrx_word' id='word_1_134' title='bbox 424 2803 520 2888; x_wconf 85' lang='lat' dir='ltr'><strong>patris</strong></span> <span class='ocrx_word' id='word_1_135' title='bbox 535 2804 630 2885; x_wconf 85' lang='lat' dir='ltr'><strong>Asopi</strong></span> <span class='ocrx_word' id='word_1_136' title='bbox 643 2824 726 2889; x_wconf 86' lang='lat' dir='ltr'><strong>aqua</strong></span> <span class='ocrx_word' id='word_1_137' title='bbox 739 2802 828 2866; x_wconf 85' lang='lat' dir='ltr'><strong>relic·</strong></span> <span class='ocrx_word' id='word_1_138' title='bbox 955 2839 959 2852; x_wconf 89' lang='lat'><strong>·</strong></span> 
     </span>
     <span class='ocr_line' id='line_1_31' title="bbox 360 2887 715 2956; baseline -0.011 0"><span class='ocrx_word' id='word_1_139' title='bbox 360 2906 392 2956; x_wconf 86' lang='lat' dir='ltr'><strong>ta</strong></span> <span class='ocrx_word' id='word_1_140' title='bbox 408 2895 424 2930; x_wconf 75' lang='lat'>&#39;</span> <span class='ocrx_word' id='word_1_141' title='bbox 444 2904 478 2954; x_wconf 88' lang='lat' dir='ltr'><strong>ut</strong></span> <span class='ocrx_word' id='word_1_142' title='bbox 491 2887 584 2953; x_wconf 89' lang='lat' dir='ltr'><strong>simul</strong></span> <span class='ocrx_word' id='word_1_143' title='bbox 598 2893 715 2954; x_wconf 85' lang='lat' dir='ltr'><strong>canatis</strong></span> 
     </span>
     <span class='ocr_line' id='line_1_32' title="bbox 360 2975 1431 3064; baseline -0.006 -20"><span class='ocrx_word' id='word_1_144' title='bbox 360 2975 518 3064; x_wconf 74' lang='lat' dir='ltr'><strong>Nymphae</strong></span> <span class='ocrx_word' id='word_1_145' title='bbox 535 2975 683 3040; x_wconf 89' lang='lat' dir='ltr'><strong>Herculis</strong></span> <span class='ocrx_word' id='word_1_146' title='bbox 1430 3027 1431 3056; x_wconf 65' lang='lat'><strong>,</strong></span> 
     </span>
     <span class='ocr_line' id='line_1_33' title="bbox 360 3059 1431 3136; baseline -0.002 -8"><span class='ocrx_word' id='word_1_147' title='bbox 360 3062 659 3132; x_wconf 74' lang='lat' dir='ltr'><strong>Praeclara-uictoria</strong></span> <span class='ocrx_word' id='word_1_148' title='bbox 674 3061 821 3126; x_wconf 89' lang='lat' dir='ltr'><strong>decorum</strong></span> <span class='ocrx_word' id='word_1_149' title='bbox 837 3073 1010 3126; x_wconf 83' lang='lat' dir='ltr'><strong>certamen:</strong></span> <span class='ocrx_word' id='word_1_150' title='bbox 1034 3061 1066 3126; x_wconf 91' lang='lat'>0</span> <span class='ocrx_word' id='word_1_151' title='bbox 1430 3059 1431 3136; x_wconf 83' lang='lat' dir='ltr'><strong>l</strong></span> 
     </span>
     <span class='ocr_line' id='line_1_34' title="bbox 359 3149 1431 3238; baseline -0.002 -25"><span class='ocrx_word' id='word_1_152' title='bbox 359 3149 465 3238; x_wconf 80' lang='lat' dir='ltr'><strong>Pythii</strong></span> <span class='ocrx_word' id='word_1_153' title='bbox 479 3161 641 3213; x_wconf 84' lang='lat' dir='ltr'><strong>nemoroso</strong></span> <span class='ocrx_word' id='word_1_154' title='bbox 654 3169 747 3232; x_wconf 85' lang='lat' dir='ltr'><strong>rupes</strong></span> <span class='ocrx_word' id='word_1_155' title='bbox 1287 3157 1350 3218; x_wconf 88' lang='grc'><strong>770</strong></span> <span class='ocrx_word' id='word_1_156' title='bbox 1430 3153 1431 3232; x_wconf 71' lang='lat' dir='ltr'><strong>l</strong></span> 
     </span>
     <span class='ocr_line' id='line_1_35' title="bbox 361 3231 982 3315; baseline -0.011 -12"><span class='ocrx_word' id='word_1_157' title='bbox 361 3237 399 3304; x_wconf 81' lang='lat' dir='ltr'><strong>Et</strong></span> <span class='ocrx_word' id='word_1_158' title='bbox 413 3237 527 3301; x_wconf 88' lang='lat' dir='ltr'><strong>domus</strong></span> <span class='ocrx_word' id='word_1_159' title='bbox 543 3234 710 3300; x_wconf 78' lang='lat' dir='ltr'><strong>Musarum</strong></span> <span class='ocrx_word' id='word_1_160' title='bbox 727 3231 982 3315; x_wconf 86' lang='lat' dir='ltr'><strong>Heliconiadum,</strong></span> 
     </span>
     <span class='ocr_line' id='line_1_36' title="bbox 356 3321 778 3404; baseline -0.012 -16"><span class='ocrx_word' id='word_1_161' title='bbox 356 3324 469 3389; x_wconf 86' lang='lat' dir='ltr'><strong>Venite</strong></span> <span class='ocrx_word' id='word_1_162' title='bbox 483 3324 556 3387; x_wconf 84' lang='lat' dir='ltr'><strong>laeto</strong></span> <span class='ocrx_word' id='word_1_163' title='bbox 571 3343 634 3385; x_wconf 75' lang='lat' dir='ltr'><strong>oon</strong></span> <span class='ocrx_word' id='word_1_164' title='bbox 649 3321 778 3404; x_wconf 86' lang='lat' dir='ltr'><strong>strepitu</strong></span> 
     </span>
     <span class='ocr_line' id='line_1_37' title="bbox 353 3407 921 3484; baseline -0.012 -7"><span class='ocrx_word' id='word_1_165' title='bbox 353 3413 394 3477; x_wconf 82' lang='lat' dir='ltr'><strong>In</strong></span> <span class='ocrx_word' id='word_1_166' title='bbox 408 3431 510 3474; x_wconf 80' lang='lat' dir='ltr'><strong>meam</strong></span> <span class='ocrx_word' id='word_1_167' title='bbox 527 3407 646 3484; x_wconf 87' lang='lat' dir='ltr'><strong>urbem,</strong></span> <span class='ocrx_word' id='word_1_168' title='bbox 660 3421 692 3472; x_wconf 83' lang='lat' dir='ltr'><strong>et</strong></span> <span class='ocrx_word' id='word_1_169' title='bbox 704 3427 790 3470; x_wconf 85' lang='lat' dir='ltr'><strong>meos</strong></span> <span class='ocrx_word' id='word_1_170' title='bbox 805 3425 921 3482; x_wconf 87' lang='lat' dir='ltr'><strong>muros,</strong></span> 
     </span>
     <span class='ocr_line' id='line_1_38' title="bbox 356 3489 1013 3580; baseline -0.011 -17"><span class='ocrx_word' id='word_1_171' title='bbox 356 3495 422 3564; x_wconf 92' lang='lat' dir='ltr'><strong>Ubi</strong></span> <span class='ocrx_word' id='word_1_172' title='bbox 436 3509 573 3561; x_wconf 87' lang='lat' dir='ltr'><strong>saturum</strong></span> <span class='ocrx_word' id='word_1_173' title='bbox 590 3495 732 3558; x_wconf 74' lang='lat' dir='ltr'><strong>lunium</strong></span> <span class='ocrx_word' id='word_1_174' title='bbox 746 3513 845 3580; x_wconf 85' lang='lat' dir='ltr'><strong>geum</strong></span> <span class='ocrx_word' id='word_1_175' title='bbox 858 3489 1013 3577; x_wconf 80' lang='lat' dir='ltr'><strong>apparuit,</strong></span> 
     </span>
     <span class='ocr_line' id='line_1_39' title="bbox 352 3579 925 3666; baseline -0.01 -16"><span class='ocrx_word' id='word_1_176' title='bbox 352 3589 380 3651; x_wconf 77' lang='lat' dir='ltr'>A</span> <span class='ocrx_word' id='word_1_177' title='bbox 407 3603 476 3647; x_wconf 87' lang='lat' dir='ltr'><strong>men</strong></span> <span class='ocrx_word' id='word_1_178' title='bbox 491 3579 794 3666; x_wconf 74' lang='lat' dir='ltr'><strong>armatorum„quod</strong></span> <span class='ocrx_word' id='word_1_179' title='bbox 810 3591 925 3644; x_wconf 80' lang='lat' dir='ltr'><strong>terrem</strong></span> 
     </span>
     <span class='ocr_line' id='line_1_40' title="bbox 352 3667 843 3752; baseline -0.014 -16"><span class='ocrx_word' id='word_1_180' title='bbox 352 3671 392 3736; x_wconf 86' lang='lat' dir='ltr'><strong>Lr</strong></span> <span class='ocrx_word' id='word_1_181' title='bbox 434 3691 541 3733; x_wconf 87' lang='lat' dir='ltr'><strong>rorum</strong></span> <span class='ocrx_word' id='word_1_182' title='bbox 558 3667 664 3732; x_wconf 88' lang='lat' dir='ltr'><strong>liberis</strong></span> <span class='ocrx_word' id='word_1_183' title='bbox 677 3677 843 3752; x_wconf 79' lang='lat' dir='ltr'><strong>perarmat,</strong></span> 
     </span>
     <span class='ocr_line' id='line_1_41' title="bbox 351 3751 750 3824; baseline -0.023 0"><span class='ocrx_word' id='word_1_184' title='bbox 351 3759 482 3824; x_wconf 86' lang='lat' dir='ltr'><strong>Sacrum</strong></span> <span class='ocrx_word' id='word_1_185' title='bbox 497 3755 604 3819; x_wconf 88' lang='lat' dir='ltr'><strong>lumen</strong></span> <span class='ocrx_word' id='word_1_186' title='bbox 620 3751 750 3816; x_wconf 85' lang='lat' dir='ltr'><strong>Thebis.</strong></span> 
     </span>
     <span class='ocr_line' id='line_1_42' title="bbox 350 3838 776 3926; baseline -0.019 -16"><span class='ocrx_word' id='word_1_187' title='bbox 350 3845 382 3910; x_wconf 96' lang='lat' dir='ltr'>O</span> <span class='ocrx_word' id='word_1_188' title='bbox 396 3843 549 3908; x_wconf 88' lang='lat' dir='ltr'><strong>lectorum</strong></span> <span class='ocrx_word' id='word_1_189' title='bbox 563 3838 628 3903; x_wconf 92' lang='lat' dir='ltr'><strong>duo</strong></span> <span class='ocrx_word' id='word_1_190' title='bbox 642 3851 776 3926; x_wconf 84' lang='lat' dir='ltr'><strong>cognata</strong></span> 
     </span>
     <span class='ocr_line' id='line_1_43' title="bbox 350 3925 704 4007; baseline -0.02 -11"><span class='ocrx_word' id='word_1_191' title='bbox 350 3929 487 4007; x_wconf 88' lang='lat' dir='ltr'><strong>Cubilia,</strong></span> <span class='ocrx_word' id='word_1_192' title='bbox 505 3925 659 3993; x_wconf 85' lang='lat' dir='ltr'><strong>Mortales</strong></span> <span class='ocrx_word' id='word_1_193' title='bbox 672 3938 704 3990; x_wconf 86' lang='lat' dir='ltr'><strong>et</strong></span> 
     </span>
     <span class='ocr_line' id='line_1_44' title="bbox 346 4009 788 4102; baseline -0.023 -19"><span class='ocrx_word' id='word_1_194' title='bbox 346 4017 445 4094; x_wconf 82' lang='lat' dir='ltr'><strong>Juuis,</strong></span> <span class='ocrx_word' id='word_1_195' title='bbox 460 4015 514 4102; x_wconf 90' lang='lat' dir='ltr'><strong>qui</strong></span> <span class='ocrx_word' id='word_1_196' title='bbox 528 4013 614 4079; x_wconf 81' lang='lat' dir='ltr'><strong>venit</strong></span> <span class='ocrx_word' id='word_1_197' title='bbox 626 4012 666 4078; x_wconf 87' lang='lat' dir='ltr'><strong>od</strong></span> <span class='ocrx_word' id='word_1_198' title='bbox 685 4009 788 4076; x_wconf 89' lang='lat' dir='ltr'><strong>cubile</strong></span> 
     </span>
     <span class='ocr_line' id='line_1_45' title="bbox 348 4097 751 4190; baseline -0.017 -21"><span class='ocrx_word' id='word_1_199' title='bbox 348 4101 507 4190; x_wconf 76' lang='lat' dir='ltr'><strong>Nymphae</strong></span> <span class='ocrx_word' id='word_1_200' title='bbox 524 4097 694 4166; x_wconf 74' lang='lat' dir='ltr'><strong>perseidis:</strong></span> <span class='ocrx_word' id='word_1_201' title='bbox 718 4111 751 4162; x_wconf 87' lang='lat' dir='ltr'><strong>et</strong></span> 
     </span>
     <span class='ocr_line' id='line_1_46' title="bbox 346 4185 785 4256; baseline -0.018 -2"><span class='ocrx_word' id='word_1_202' title='bbox 346 4185 515 4256; x_wconf 88' lang='lat' dir='ltr'><strong>Credibilis</strong></span> <span class='ocrx_word' id='word_1_203' title='bbox 529 4185 607 4250; x_wconf 88' lang='lat' dir='ltr'><strong>mihi</strong></span> <span class='ocrx_word' id='word_1_204' title='bbox 622 4185 683 4250; x_wconf 82' lang='lat' dir='ltr'><strong>‘am</strong></span> <span class='ocrx_word' id='word_1_205' title='bbox 697 4195 785 4248; x_wconf 78' lang='lat' dir='ltr'><strong>vetus</strong></span> 
     </span>
     <span class='ocr_line' id='line_1_47' title="bbox 347 4207 748 4356; baseline -0.015 -17"><span class='ocrx_word' id='word_1_206' title='bbox 347 4273 553 4348; x_wconf 77' lang='lat' dir='ltr'><strong>Concubitus,</strong></span> <span class='ocrx_word' id='word_1_207' title='bbox 570 4271 602 4337; x_wconf 94' lang='lat' dir='ltr'>O</span> <span class='ocrx_word' id='word_1_208' title='bbox 615 4207 748 4356; x_wconf 74' lang='lat' dir='ltr'><strong>iupiter,</strong></span> 
     </span>
    </p>
   </div>
   <div class='ocr_carea' id='block_1_3' title="bbox 0 0 1448 4856">
    <p class='ocr_par' dir='ltr' id='par_1_3' title="bbox 0 0 1448 4856">
     <span class='ocr_line' id='line_1_48' title="bbox 0 0 1448 4856; baseline 0 2"><span class='ocrx_word' id='word_1_209' title='bbox 0 0 1448 4856; x_wconf 95' lang='lat' dir='ltr'><strong> </strong></span> 
     </span>
    </p>
   </div>
  </div>
 </body>
</html>
