2852 4862
503 195 776 268 BACGHAE.
824 223 829 238 ·
1111 209 1173 274 467

179 371 288 440 Domo
302 369 396 436 venio
409 369 449 435 sd
464 391 531 446 vos,
547 368 723 435 Pentheum
737 393 802 436 nnn
817 393 941 440 cursus.

179 459 227 526 Ut
241 469 346 524 sutem
361 455 439 521 mihi
453 455 740 542 videtum-strepit
753 457 837 522 enim
851 458 935 524 solen
948 459 981 523 in
996 457 1175 542 sudibus,—

179 542 232 610 Ad
248 543 435 608 vestibulum
451 563 527 606 mox
544 543 662 606 veniet:
685 543 834 628 quidnam
851 559 980 630 propter
993 546 1052 611 ists
1066 543 1170 610 dicet?

180 630 287 696 Facile
300 630 385 694 enim
396 630 498 714 ipsum
509 627 618 705 ferum,
635 629 706 693 iicet
716 629 791 694 inm
803 629 894 696 valde
903 631 1026 717 spirens
1036 631 1172 696 venerit:

179 716 338 803 Supientis
352 718 435 780 enim
451 715 508 778 siri
522 725 576 792 est,
593 736 739 779 exercere
752 716 849 780 enimi
863 719 1121 784 moderationem.

90 826 169 872 nst.
181 804 312 868 Atrocie
327 823 394 867 sum
410 823 533 885 pessus:
556 799 665 887 effugit
680 800 792 886 hospes
808 801 895 879 mihi,

177 889 245 966 Qui
260 889 357 952 modo
370 885 502 952 vinculis
515 899 582 952 eret
595 887 794 953 constrictus.
1109 897 1173 956 600

178 975 249 1054 Eis,
261 976 320 1040 eiu.
669 1037 672 1044 ,

178 1061 247 1127 Hic
260 1059 373 1212 {stliiie
386 1060 450 1124 vir:
474 1059 550 1145 quid
570 1057 631 1124 hoc
653 1059 699 1124 rci
719 1057 789 1124 est?
809 1057 971 1148 quomodo
991 1073 1063 1127 unte
1079 1061 1173 1127 vesti-

284 1167 371 1212 uum

176 1233 376 1320 Conspiccris
389 1233 429 1296 nd
443 1230 527 1296 oedes
541 1251 636 1309 mess,
650 1229 732 1298 forne
745 1231 910 1320 egressus?

89 1341 162 1388 nnc.
177 1321 259 1387 Siste
272 1319 394 1406 pedem,
410 1331 441 1382 et
454 1318 589 1404 quietem
603 1318 661 1382 irae
674 1319 802 1406 subjice.

91 1405 274 1474 numme
287 1423 322 1471 tn
337 1405 473 1470 excussis
488 1402 620 1468 vinculis
634 1403 716 1470 forus
730 1427 870 1492 egressus
883 1403 939 1472 cs?

91 1515 164 1560 nnc.
179 1495 299 1644 Nom}
318 1492 396 1642 dixi?
408 1512 516 1556 nonne
540 1489 696 1567 sudivisti,
722 1491 807 1578 quod
835 1505 915 1558 esset
938 1491 1096 1558 soluturus
1120 1513 1171 1559 me

292 1601 301 1642 ι
324 1599 372 1642 uss

91 1663 278 1742 estuis?
298 1601 420 1748 sqemper
433 1664 516 1729 enim
531 1661 633 1730 adfers
646 1685 744 1728 novos
758 1685 926 1732 sermones.

92 1773 162 1820 nsc.
173 1751 241 1828 Qui
255 1751 357 1840 gignit
372 1750 550 1816 foecundsm
564 1751 659 1815 vitem
675 1749 867 1815 hominibus.
983 1777 991 1786 ·

92 1858 165 1904 csse.
177 1838 302 1923 Nempe
315 1836 426 1904 tribuis
441 1837 502 1901 hoc
515 1837 619 1902 boumn
634 1835 821 1921 praectarum
837 1837 991 1924 Dionyso.

177 1923 334 1990 Claudese
342 1923 441 2010 jubeo
455 1943 565 1988 omnes
579 1936 680 1987 turres
694 1923 905 1988 circumcirca.
1107 1932 1172 1992 610

92 2031 161 2076 nuc.
172 2011 261 2088 Quid
276 2007 373 2076 vero?
394 2031 434 2074 sn
450 2031 514 2074 non
529 2009 753 2074 transcendunt
767 2029 874 2074 munos
889 2007 957 2074 dii?

94 2098 311 2182 smmpiens,
327 2097 451 2181 sepiens
471 2117 513 2172 es,
529 2111 736 2180 preterquam
759 2098 793 2160 in
807 2097 848 2160 iis
861 2097 893 2160 in
909 2095 1023 2183 quibus
1043 2111 1170 2183 oporte·

258 2183 314 2248 bnt
327 2197 358 2248 te
372 2203 490 2267 supere.

93 2289 163 2337 sne.
174 2271 213 2336 ln
227 2268 343 2356 quibus
356 2269 496 2334 maxime
509 2290 588 2354 opus
602 2280 659 2349 est,
673 2270 704 2333 iss
718 2269 755 2333 iis
769 2291 828 2356 ego
839 2291 907 2335 snm
923 2271 1055 2358 sepiens.

173 2355 269 2422 Istius
284 2377 359 2421 vero
372 2375 529 2420 sermones
543 2354 673 2420 audiens
687 2355 823 2440 primum
839 2355 935 2437 disce,

176 2441 243 2520 Qui
256 2463 299 2507 ex
313 2455 421 2507 monte
435 2441 524 2506 adest
536 2441 653 2528 aliquid
668 2445 874 2506 nunciaturus
888 2443 963 2508 tibi:

175 2529 242 2596 Nos
258 2550 334 2593 vero
348 2528 400 2592 hic
413 2527 620 2606 manebimus,
637 2549 693 2592 nec
707 2526 871 2615 fugiemus

92 2613 333 2690 snmPentheu,
352 2615 422 2680 Rex
436 2613 529 2700 hujus
543 2613 708 2678 Thebcnoe
728 2629 832 2695 terrm,

175 2701 277 2767 Venio
291 2698 470 2786 relinquens
484 2699 711 2773 Cithoeronem‚
727 2700 783 2764 ubi
797 2721 959 2787 nunquem

173 2787 392 2853 intermittunt
405 2786 573 2852 candentes
584 2785 664 2850 radii
678 2785 759 2851 siboe
774 2786 863 2851 nivis.

95 2873 260 2952 sss.de
273 2895 350 2938 vero
364 2875 455 2938 serim
470 2871 514 2937 rei
529 2873 678 2938 nd'iciens
693 2871 828 2938 venisti?
1104 2877 1169 2940 620

94 2960 383 3062 susconspicatus
399 2958 539 3024 Bacchus
552 2895 701 3034 timentes,
717 2981 790 3046 quse
805 2979 845 3024 ex
861 2958 920 3024 hcc
933 2971 1018 3023 tem

171 3047 291 3114 OEstrss
304 3047 426 3129 penite
439 3044 620 3111 extulerunt
633 3045 802 3110 candidum
817 3045 941 3131 pedem,

171 3133 285 3210 Venio,
302 3133 432 3218 cupiens
445 3131 595 3196 nunciare
610 3131 666 3196 tibi
681 3145 713 3196 et
727 3131 808 3211 urbi,
825 3131 857 3197 Ο
874 3131 958 3208 Res,

171 3219 279 3298 Quem
296 3218 367 3284 dirs
380 3217 496 3284 facient
509 3231 542 3283 et
556 3218 739 3282 miraculum
756 3217 947 3304 superantis.

170 3307 233 3372 Sed
249 3305 347 3392 cupio
361 3305 479 3381 audire,
497 3319 601 3369 utrum
617 3303 674 3370 tibi
690 3305 788 3370 iibere

168 3393 283 3458 Dicam
298 3413 347 3457 res
357 3391 421 3456 iilic
454 3405 547 3471 estes,
556 3411 595 3454 sn
607 3413 782 3456 sermonem
795 3389 1170 3456 contrsheredcbcsmus.

171 3477 287 3544 Metuo
301 3481 385 3542 enim
401 3415 589 3542 scierimtem
604 3478 700 3542 nnimi
717 3479 772 3556 tui,
789 3478 821 3542 0
837 3477 919 3555 Rex,

171 3565 214 3632 Et
227 3563 424 3630 iracundiam
441 3577 473 3628 et
487 3585 589 3628 mores
605 3563 737 3628 minium
753 3565 942 3650 tyrannicos.

100 3651 287 3728 subicito,
303 3652 378 3738 quin
391 3649 476 3736 quod
492 3649 533 3714 nd
547 3671 598 3714 me
612 3651 722 3715 sttinet
736 3673 865 3735 prorsus
878 3651 939 3714 eris
953 3647 1021 3712 sine
1033 3667 1146 3732 poenas

170 3739 269 3804 Justis
282 3739 366 3802 enim
382 3759 446 3801 non
462 3749 509 3802 est
523 3736 731 3801 irascendum.
1105 3741 1170 3800 680

170 3824 246 3902 Quo
260 3837 365 3891 sutem
381 3823 499 3888 dixeris
515 3823 670 3888 atrociora
684 3822 724 3886 dc
740 3821 883 3898 Bacchis,

172 3910 279 3976 Tanto
295 3911 395 3998 msgis
409 3908 496 3974 hunc
511 3911 564 3996 qui
580 3909 766 3974 ministravit
781 3921 863 3974 artes

173 3995 363 4063 Mulieribns
376 3997 558 4082 objiciemus
573 4017 690 4079 poenoe.

100 4083 345 4171 ncu.Grcgurins
417 4105 454 4148 ns
469 4081 605 4168 pecudes
616 4084 684 4167 jem
698 4081 740 4147 sd
754 4081 870 4146 montis
885 4080 1034 4146 verticem

173 4169 272 4236 Boum
289 4192 380 4236 escen
406 4169 507 4244 ebnm,
524 4191 588 4254 quo
602 4184 744 4254 tempore
760 4167 814 4232 sot

177 4255 291 4322 Rudini
306 4257 470 4323 emittebat
484 4255 665 4322 calefaciens
680 4269 806 4320 tetram.
