2828 4864
624 193 957 262 EURlPlDl'S

331 371 530 440 Proditorem
545 390 612 434 esse
624 367 747 455 patrie,
761 391 834 456 quae
846 389 898 434 me
910 365 1029 454 genuit.

331 459 380 526 Ut
392 458 491 546 igitur
503 454 617 532 sciatis,
632 455 744 520 vadem
758 471 792 520 et
804 454 935 520 servabo
948 457 1073 534 urbem,

331 543 545 628 Animamquo
558 541 641 606 dabo
655 555 690 608 ut
704 543 857 606 moriatur
869 561 931 625 pro
944 539 1005 606 hac
1018 553 1113 606 terra.
1250 545 1343 603 1000

332 631 444 716 Turpe
456 631 540 693 enim
555 641 612 708 cst,
627 641 664 694 ut
676 626 769 692 liberi
804 627 910 692 uidem
924 625 966 692 ab
979 625 1126 708 oracrdie,

332 717 377 784 Et
389 737 454 780 non
469 713 570 782 coacti
584 713 766 780 necessitate
778 650 939 791 divinitus,

334 804 459 870 Stantes
473 801 513 866 ad
528 800 655 886 clypeos
669 821 736 864 non
749 800 926 865 detrectent
940 799 1031 878 mori,

335 889 519 974 Pugnantes
532 908 592 970 pro
605 887 706 971 petria
720 897 793 950 ante
806 899 929 950 turres:

335 974 506 1127 &altit
520 971 1009 1157 tltsstti‘tttttllfft
1019 1069 1103 1122 em

335 1145 528 1212 Discedam:
550 1144 732 1232 ubicunqne
745 1144 829 1208 euim
844 1144 963 1220 vixero,
980 1143 1111 1208 videbor
1125 1143 1274 1228 ignarus.

337 1233 412 1298 Non
433 1254 491 1318 per
512 1231 635 1310 Jorenr,
659 1232 713 1318 qui
736 1243 784 1294 est
807 1231 840 1294 in
863 1232 963 1308 nstris,
987 1243 1021 1294 et
1039 1228 1179 1294 Martem
1201 1227 1349 1296 crodium

423 1330 576 1394 autorem,

338 1404 405 1482 Qui
419 1417 548 1468 exortos
562 1425 581 1467 e
594 1416 678 1468 terra
692 1403 853 1488 quondam

338 1493 472 1574 Spartoe
486 1511 574 1578 reges
588 1489 681 1574 hujus
695 1503 789 1554 terrae
803 1490 976 1556 constituit.
1262 1497 1352 1554 1010

340 1577 403 1642 Sed
417 1575 529 1652 abr⁴003
551 1588 583 1640 et
596 1589 681 1639 stans
695 1576 729 1640 in
742 1598 906 1641 murorum
921 1575 1026 1660 pinnis
1040 1573 1181 1650 summis,

340 1662 536 1728 Interficieus
550 1662 718 1746 meipsum
733 1663 766 1726 iu
781 1675 884 1726 atrurn
899 1683 1027 1748 specum

339 1749 508 1826 Draconis,
527 1747 580 1812 ubi
595 1761 681 1812 vates
689 1749 793 1833 jussit,

340 1834 502 1900 Liberabo
515 1847 649 1898 terram:
672 1833 758 1900 dicta
771 1851 819 1899 cst
832 1835 996 1900 sententie.

340 1921 433 1986 Vado
446 1935 562 1998 autem,
577 1921 699 1986 donum
715 1921 824 1986 mortis
839 1943 904 1986 non
919 1933 1013 2006 turpe
1027 1919 1098 1984 urbi

341 2007 500 2086 baturus,
514 2006 657 2071 liberabo
670 2019 775 2072 autem
791 2009 924 2091 patriam
941 2010 1023 2072 hauc
1037 2030 1056 2071 a
1070 2004 1165 2070 malo.

343 2093 472 2158 Utinam
495 2092 579 2158 enirn
600 2092 756 2178 accipiens
778 2093 993 2180 unusquisqne
1014 2093 1228 2180 quodcunque
1247 2089 1357 2176 poerit

344 2178 780 2365 Bonddlllildsconsequetur,
795 2279 827 2331 et
842 2267 874 2330 iu
890 2287 1060 2332 commune
1074 2262 1216 2330 conferat

345 2351 474 2426 Petnae,
490 2365 630 2415 emtates
644 2373 768 2416 minora
781 2352 864 2416 malo

346 2435 553 2521 Experieutes
567 2438 599 2500 in
615 2450 774 2521 posterum
789 2439 890 2504 beatae
903 2451 1016 2504 essent
1264 2444 1359 2502 1090

261 2523 525 2601 cflo.Advenisti,
539 2522 704 2604 advenisti,
720 2523 753 2590 Ο
767 2523 860 2602 alata,
875 2537 969 2590 terrae
982 2537 1092 2612 partun
1188 2525 1364 2608 (mepte.)

347 2609 546 2696 Inferuoeque
560 2607 727 2686 Belidae,

347 2696 561 2762 Cadmeorum
577 2695 762 2780 praedatrix,

347 2783 532 2850 Gemituum
546 2781 765 2858 autor‚1nultis
779 2784 962 2868 perniciosa.

348 2869 457 2934 Mixto
471 2870 518 2933 rir
586 2867 698 2934 hostile
713 2884 899 2948 monstrum,

349 2955 488 3021 Furioais
533 2957 558 3020 ie

249 3088 253 3098 ·
349 3041 583 3129 Unguibusque
595 3041 784 3106 erudientis:

350 3127 435 3204 Quae
448 3127 607 3214 qnondam
622 3149 663 3192 ex
680 3127 817 3192 Dircoeie

351 3213 446 3278 Locis
459 3211 671 3278 adolescentes
685 3213 779 3278 attol-

350 3299 417 3364 lens
431 3299 551 3364 absono
565 3321 637 3364 curn
652 3301 792 3366 carmine

353 3384 397 3450 Et
410 3384 592 3471 perniciosis
605 3385 696 3450 furiis

351 3471 508 3548 Attulisti,
523 3471 654 3538 attulisti
669 3470 794 3537 dolores
808 3473 921 3558 petrice

353 3559 521 3624 cruentos.
553 3557 712 3624 Cruentus
720 3560 859 3708 prosecta
873 3562 927 3626 ille
940 3581 981 3626 ex
994 3557 1066 3636 diis.

353 3644 545 3730 Quicunque
559 3645 595 3721 is,
611 3647 665 3730 qui
680 3645 750 3709 haec
775 3646 845 3710 ecit.

353 3731 474 3796 Luctus
488 3743 593 3796 autern
609 3747 757 3808 matrum,

353 3817 476 3882 Luctus
488 3817 583 3884 etiarn
598 3816 755 3904 virginum

356 3903 560 3968 Resonabaut
574 3905 607 3965 in
622 3901 761 3967 aedibus:

354 3988 540 4076 Lugubrem
557 4011 678 4070 vocem,
693 4011 812 4068 vocem,

355 4075 505 4162 lugubre
518 4097 656 4156 carmen,
670 4097 798 4142 carmen

356 4160 449 4227 Alius
463 4160 559 4228 alium
574 4160 703 4250 lugebat

356 4248 534 4314 Succoeaire
546 4269 604 4334 per
618 4249 738 4314 urbm

355 4331 507 4400 Touitrui
520 4347 626 4402 autem
642 4335 756 4414 lustru,
