2862 4864
575 301 578 312 ,
639 219 968 288 Ευιιιιιιιιε

349 381 585 482 Pugnabamua,
602 404 637 459 ut
649 415 727 458 anxa
735 394 941 480 jaciebamus.

273 481 286 504 '
348 481 468 545 Verum
483 479 633 546 arcebant
647 501 706 544 nos
719 479 882 569 sagittarii,
897 481 931 546 iu
945 481 1046 567 puppi
1270 493 1348 553 1810

349 569 483 646 stantes,
499 567 578 644 telis,
593 578 630 631 ut
642 567 756 653 pedem
770 565 957 632 referremus
969 567 1092 654 procul

346 652 442 719 Tune
454 667 571 731 autern,
583 658 731 740 (magnus
742 653 827 717 euim
840 653 955 719 fluctui
968 654 1136 741 impulerat
1149 677 1264 724 navem

349 739 403 804 Ad
417 755 543 816 terrem,
559 741 655 804 ιίιιιοι
668 753 773 804 antem
786 737 856 818 fuit,
871 761 912 804 ne
924 738 1187 830 demergeretur.)

348 825 511 892 Sublatam
528 824 657 890 Oresten
670 827 704 888 in
717 825 879 890 sinistrum
893 824 1075 907 humerum,

349 913 414 978 Pro
501 913 583 977 nain
597 933 685 976 mare
698 922 730 975 et
742 931 801 995 per
815 910 914 976 sealaa
925 912 1051 991 saliens,

349 999 399 1064 co
422 998 527 1064 ocavit
543 1020 683 1063 sororem
697 997 732 1060 in
746 998 818 1061 navi
830 998 914 1062 bona
927 1012 1064 1064 transtra
1077 997 1220 1083 habeun',

348 1084 443 1151 Tunc
457 1099 562 1150 autem
576 1081 704 1171 quaeda
720 1083 803 1149 noelu
816 1083 942 1162 cecidit,
956 1085 1045 1150 Jovis
1058 1085 1134 1151 filie

351 1172 505 1248 Statuam,
521 1191 626 1256 exque
639 1168 744 1234 media
757 1191 838 1234 nave
851 1171 938 1236 venit

349 1259 423 1321 Vox
438 1257 602 1343 quadam:
626 1259 658 1319 Ο
668 1271 767 1320 terrae
781 1256 909 1322 Graeeoe
923 1269 1030 1322 nautae
1042 1259 1140 1337 navia,

348 1342 541 1408 Prehendite
554 1342 648 1406 remia
661 1341 836 1430 fluctusque
849 1342 937 1408 albos
950 1343 1060 1408 facitet
1265 1355 1347 1414 13⁵0

348 1431 515 1496 Habemus
528 1429 613 1493 enim
629 1429 708 1506 haee,
721 1441 853 1514 propter
865 1451 939 1517 quae
956 1428 1116 1496 Euxinum
1132 1445 1272 1520 pontiam

347 1518 439 1581 intra
453 1514 681 1602 Symplegades
694 1517 918 1602 navigavimus.

346 1604 399 1669 lili
413 1623 488 1668 vero
502 1601 671 1666 frementes
684 1599 808 1666 dulcem
824 1603 977 1688 gemitum

349 1691 575 1754 Percuaaeruut
589 1710 692 1752 mare:
713 1687 802 1751 navia
816 1701 934 1765 antem,
949 1689 1101 1775 quamdin
1114 1692 1232 1758 eratin

347 1775 461 1850 Portu,
476 1773 677 1860 prueedebat,
691 1774 847 1839 transiens
861 1797 936 1838 vero
949 1775 1078 1855 ostium,

348 1861 572 1946 Repellebatur
586 1859 729 1925 incidens
743 1861 775 1924 iu
791 1861 1007 1926 vehementem
1021 1879 1152 1928 matum:

344 1949 521 2013 Vehemens
534 1947 620 2011 enim
634 1961 746 2012 ventus
759 1947 865 2012 subito
877 1961 967 2012 ortua
980 1949 1070 2014 navis

346 2035 490 2100 Pellebat
503 2047 590 2098 retro
604 2031 768 2098 audentea:
790 2033 825 2096 hi
841 2055 914 2098 vero
928 2035 1125 2102 sustinebam
1138 2037 1289 2119 urpdn,

348 2121 575 2207 Repngrtantea
588 2133 699 2183 contra
711 2119 860 2183 fluctum:
883 2141 1008 2186 rursum
1022 2136 1128 2188 autem
1142 2123 1184 2188 ad
1198 2137 1315 2190 terram

347 2207 479 2272 Fluctua
492 2205 608 2270 refluus
622 2206 748 2291 impulit
761 2207 877 2270 navim.
923 2208 1017 2273 Stans
1031 2223 1136 2274 autem
1263 2219 1345 2280 1360

348 2292 596 2380 Agame-nenia
608 2291 676 2358 filie
689 2293 787 2378 wit
799 2294 940 2378 prenari:
965 2294 999 2361 0
1015 2295 1148 2360 Latonae
1162 2295 1238 2376 lilia,

348 2381 445 2446 Serva
460 2399 520 2455 me,
535 2391 623 2443 tuam
637 2379 856 2456 sacrificulum,
870 2380 905 2443 in
921 2381 1081 2446 Graeciam

347 2467 400 2531 Ex
415 2481 500 2529 terra
513 2464 659 2540 barbara,
675 2479 707 2528 et
720 2465 848 2553 ignosce
862 2487 913 2530 me
926 2465 1022 2531 furta.

348 2557 446 2617 Amas
461 2551 546 2616 enim
561 2564 592 2616 et
606 2563 696 2616 tuum
709 2551 850 2628 fratrem,
867 2551 900 2618 Ο
915 2553 1004 2632 Dea3

347 2637 391 2704 Et
406 2661 456 2703 me
470 2659 597 2724 quoque
610 2639 862 2726 consanguineos
875 2661 983 2704 amare
997 2653 1084 2724 puta.

347 2725 463 2792 Nantoe
477 2747 552 2789 vero
564 2723 680 2812 puellae
692 2725 839 2810 precibus
852 2725 1068 2792 inclamarunt
1080 2725 1217 2794 hunum

347 2813 474 2888 Paeana,
490 2811 589 2875 nudae
603 2813 643 2876 ab
658 2812 798 2876 humeris
813 2833 924 2876 manua

345 2897 551 2984 Adplicantea
565 2895 604 2962 ad
620 2919 723 2962 remos
736 2897 880 2963 adhibito
892 2897 1088 2966 celeusmate.

347 2984 454 3072 Magis
468 2997 572 3049 autem
588 2997 682 3070 atque
697 2985 796 3071 magis
811 2985 878 3050 ibat
891 2987 980 3051 uaris
989 3007 1096 3052 versut
1109 2987 1294 3074 scopulum:

347 3071 391 3135 Et
404 3071 484 3135 aliua
494 3069 621 3157 quidem
638 3073 671 3134 iu
687 3091 774 3134 mare
785 3071 902 3156 pedum
917 3071 999 3138 saltu
1013 3073 1087 3152 ruit,
1263 3081 1345 3142 1870

348 3156 439 3221 Alius
453 3179 527 3220 vero
541 3170 639 3221 tortae
654 3157 807 3244 religabat
820 3180 912 3223 aneas
924 3157 1059 3225 funium.

428 3265 504 3306 vero
518 3243 623 3308 atatim
639 3243 701 3307 hue
715 3244 790 3322 abii,

347 3242 477 3406 {fibi
492 3351 563 3405 rex,
578 3329 751 3417 significem
768 3329 929 3480 guomude
943 3331 1007 3397 illie
1021 3355 1055 3396 ae
1068 3353 1117 3398 raa
1132 3331 1277 3399 habeant.

347 3415 566 3492 Quamobrem
582 3415 670 3494 vade,
686 3417 778 3481 einen
793 3418 819 3481 is
833 3417 1015 3505 laqueisque
1028 3441 1125 3485 uranu
1136 3421 1266 3486 mantia:

347 3501 417 3566 Nisi
432 3502 516 3565 enim
533 3524 619 3568 mare
634 3502 689 3567 liat
702 3501 874 3586 placidum,

346 3587 444 3652 Nulla
458 3609 530 3674 apes
545 3587 653 3653 salutis
667 3603 715 3654 est
727 3588 915 3676 hospitibus.

346 3675 419 3742 Rex
433 3675 517 3739 enim
533 3676 629 3739 maris
644 3697 817 3762 curamque
830 3679 911 3778 gerit
927 3675 979 3742 Ilii

347 3761 551 3826 venerandus
569 3761 746 3848 Neptunus,
760 3763 921 3850 hostiaque
933 3777 981 3828 eat
996 3761 1231 3848 Pelopithrum.

345 3847 388 3913 Et
401 3869 486 3913 nunc
500 3847 602 3914 tradet
618 3851 867 3936 Agamemnonis
881 3849 982 3914 filium

345 3933 432 4010 Tibi,
448 3949 480 3998 et
494 3939 556 3999 tuis
568 3935 699 4013 civibus,
716 3949 751 4000 ut
765 3935 932 4002 verisimile
944 3949 1004 4014 eat,
1019 3937 1053 4000 in
1067 3957 1190 4018 ιιιιιιιιι,
1261 3947 1344 4007 138)

347 4018 394 4084 Ut
408 4021 511 4104 capias
525 4035 557 4086 et
571 4043 723 4098 sororem,
734 4043 806 4109 quaa
820 4023 940 4088 caedem
956 4026 990 4088 ιἰι
1003 4022 1124 4090 Aulide

344 4104 487 4172 Oblitam
505 4107 643 4194 prodens
656 4131 676 4172 a
690 4108 762 4174 Dea
775 4107 1035 4196 deprehenditur.

207 4277 209 4282 ,
258 4211 333 4258 ean
345 4189 378 4256 Ο
392 4193 514 4270 misem,
531 4193 708 4284 iphigenia,
724 4217 789 4260 ιιιιιι
802 4219 874 4262 eum
890 4196 987 4264 fratre

345 4277 504 4360 Moriens,
521 4283 634 4346 iterum
651 4281 772 4347 rediens
786 4283 818 4346 in
831 4305 945 4350 manua
959 4283 1173 4350 dominorum.
