2794 4862
371 214 718 302 surruroue
849 179 853 188 ’
1022 227 1084 296 am

115 393 210 460 Amicis
220 413 293 458 vero
307 414 420 459 aurum
434 394 492 477 ipsi
505 413 590 480 soepe
601 393 689 460 douo
703 394 915 474 efferentious,

113 481 174 546 Non
184 479 291 564 recepit
304 479 337 544 in
352 480 446 556 redes,
463 491 498 544 ut
513 501 617 546 mores

113 565 245 632 Preberet
255 565 382 632 serviles
396 567 496 632 victus
507 587 530 630 n
540 567 690 652 pecunia.

112 649 554 740 lsorqnedelinquenter‚raon
571 652 823 739 Rempubdtnnr,
1017 663 1081 723 880

110 739 319 890 cilicii?
328 750 459 909 tritt
470 738 904 894 wiliiffirm..

108 909 214 976 Tertius
225 929 298 976 nere
313 911 426 976 nomm
442 823 672 997 HMpMmmm
684 911 757 977 tulis
771 913 842 978 fuit.

107 998 203 1062 Statim
215 1021 233 1062 a
244 1018 344 1083 puero
357 1017 450 1062 aueum
461 1009 510 1064 ert
524 1019 588 1063 non
604 997 646 1062 sd
657 998 849 1084 voluptnem

106 1082 250 1149 Musarum
264 1107 297 1148 se
310 1095 501 1162 convertere,
514 1095 545 1150 et
560 1083 601 1148 ad
616 1081 743 1150 mollem
757 1086 865 1163 ritum,

104 1169 160 1235 Sed
172 1169 305 1234 habitune
319 1170 396 1248 ruri,
412 1191 561 1236 exercens
574 1183 720 1235 nutarem
736 1172 770 1235 in
780 1172 872 1236 duris

103 1251 199 1320 Erexit
210 1251 248 1320 ad
258 1255 365 1332 latin,
379 1269 412 1322 et
425 1256 467 1322 sd
480 1257 662 1322 venationes
673 1257 793 1323 rudens

100 1341 140 1408 Et
150 1341 281 1430 gaudens
291 1343 378 1430 equis
392 1355 425 1408 et
435 1343 572 1408 tendens
586 1363 695 1408 anorum
707 1343 867 1422 manibus,

99 1427 278 1512 Reipublicae
293 1450 408 1514 corpus
420 1429 499 1494 utile
513 1429 656 1516 praebore
670 1429 833 1498 votens.-

98 1513 180 1580 Alius
191 1531 261 1578 rere
274 1513 358 1580 lilius
371 1516 539 1580 venatricis
555 1515 724 1596 Atalantae,
1016 1521 1080 1582 890

96 1601 174 1666 Puer
189 1599 442 1688 Parthenopaeus,
457 1601 559 1667 forma
572 1603 858 1688 prestantissima,

94 1689 185 1752 Arcas
198 1687 320 1773 quidem
335 1699 413 1765 eret,
428 1687 587 1774 proiectus
600 1709 677 1752 reso
691 1689 732 1754 sd
749 1688 859 1754 lnaeisi
873 1687 1001 1766 tinente,

95 1771 248 1838 Educatur
263 1775 377 1862 Argis:
400 1787 433 1839 et
445 1773 521 1840 illuc
535 1775 695 1851 educatus,

93 1857 224 1924 Primum
239 1860 377 1946 quidem,
391 1871 429 1926 ut
442 1863 590 1927 convertit
603 1860 775 1961 inquilinos
789 1861 872 1925 vires
878 1858 998 1942 faeere,

90 1945 211 2010 Nemini
224 1958 292 2011 eret
305 1947 465 2026 molestus,
477 1969 580 2034 neque
592 1947 713 2011 inrisus
726 1946 810 2028 urbi,

89 2031 197 2118 Neque
211 2031 350 2118 litigator
363 2034 477 2116 verlin,
491 2033 578 2098 unde
589 2032 696 2121 grevia

85 2117 227 2182 Maxime
239 2119 350 2206 utique
360 2119 419 2184 det
431 2120 482 2185 rel
497 2121 572 2184 civis
587 2120 636 2184 rel
650 2119 784 2205 hospes:
962 2160 964 2168 =

82 2203 128 2269 Et
141 2203 310 2270 collocatus
325 2207 358 2270 in
373 2205 450 2283 acie,
466 2217 616 2294 tanquam
630 2217 710 2272 esset
723 2213 815 2270 nutus
832 2205 980 2292 Argeum,

80 2290 310 2377 Propugnabat
334 2292 507 2377 regionem.
552 2292 596 2358 Et
624 2289 752 2379 quando
773 2291 884 2356 civitas
905 2309 974 2356 rem
999 2283 1081 2356 bene

76 2377 384 2542 Gaudeeddditieme
394 2463 608 2542 ceroferebet,
618 2464 747 2552 siquem
760 2463 881 2529 cladem
896 2462 1080 2549 accipiebat.

73 2547 205 2614 Multos
220 2561 323 2615 eutem
339 2561 503 2628 curatores,
520 2573 556 2615 ao
570 2550 737 2614 mulierum
751 2571 816 2615 nen
830 2550 994 2637 pauciores
1016 2553 1077 2617 901

71 2634 227 2716 Habetis,
237 2639 373 2702 casebet
385 2657 427 2703 ne
441 2637 518 2724 quid
531 2647 688 2722 peccaret.

69 2719 184 2808 Tydei
198 2744 274 2788 sero
287 2721 414 2788 laudem
426 2723 565 2788 ltreriter
577 2723 681 2788 dicam
698 2743 856 2810 magnam.

65 2807 152 2873 Nom
168 2808 202 2872 in
218 2807 321 2876 verbis
335 2822 405 2875 erat
414 2809 531 2888 claros,
546 2810 602 2875 aed
616 2809 650 2872 in
665 2809 760 2873 armis

60 2893 222 2961 Callidus
237 2894 359 2974 mnes,
375 2895 417 2961 ud
431 2896 619 2961 invenienda
632 2894 733 2960 multa
746 2901 979 2981 stratagemate.

55 2979 215 3048 Inferior
231 2995 338 3047 autern
352 2983 522 3069 prudentie
538 2981 704 3069 Meleagro
717 2980 823 3056 fratre,

52 3067 218 3154 AEquele
232 3083 350 3133 nomeu
365 3082 433 3135 arte
446 3069 559 3135 bellica
571 3066 728 3154 prestitit,

47 3153 248 3222 Invenietis
263 3169 440 3222 eccunetem
458 3153 616 3221 Musioem
631 3155 664 3218 in
679 3153 801 3241 clypeo,

42 3239 224 3308 Gloriam
239 3245 415 3328 appetentis
430 3257 553 3308 neturoe
567 3241 663 3320 dirce,
679 3241 770 3328 rigor
784 3247 887 3304 antem
903 3235 1001 3302 animi
1175 3311 1181 3320 ἱ

41 3330 99 3395 In
119 3324 232 3402 factis,
247 3349 313 3392 non
329 3351 398 3415 per,
413 3332 479 3414 (red
491 3326 601 3414 mqier)
615 3328 729 3392 verbis.
1014 3330 1078 3389 910

41 3417 113 3481 Ex
134 3411 192 3476 hia
208 3412 305 3480 dictis
318 3416 499 3494 meminere,

41 3499 213 3576 Thesea,
229 3498 290 3565 hos
305 3520 396 3566 crisos
410 3523 476 3566 ease
489 3513 639 3587 oppetere
652 3509 786 3564 mortem
802 3507 875 3562 tnrte
887 3499 1001 3562 tumes.

41 3586 237 3654 Educatio
252 3587 337 3652 enirn
351 3587 436 3654 bona
450 3587 605 3674 pudorem
620 3585 728 3651 afferte

41 3671 247 3742 Erubescit
261 3674 346 3738 enim
360 3674 418 3752 vir,
435 3673 490 3761 qui
503 3695 553 3739 rea
566 3675 712 3738 honestus
725 3672 876 3749 exercuit,

41 3765 216 3848 'gnavus
231 3758 302 3825 lieri
315 3759 463 3847 quilibet:
484 3759 640 3826 fortitudo
654 3779 730 3824 vero

41 3843 193 3915 >oceri
209 3858 326 3932 potent,
342 3845 496 3934 siquidem
510 3862 543 3913 et
556 3845 656 3910 infans
670 3845 802 3910 docetur
816 3865 853 3908 ea

41 3937 186 4002 vicere
202 3944 240 3996 et
254 3932 373 4010 audire,
389 3954 525 4020 quorum
541 3932 683 3997 notitiem
698 3951 764 3996 non
777 3931 883 3995 hebet.

41 4033 144 4100 !uae
164 4039 253 4084 vero
266 4017 411 4085 didicerit
424 4041 505 4108 puer
519 4041 557 4084 ea
570 4031 696 4083 serrare
709 4017 790 4084 solet

44 4109 84 4176 d
112 4115 316 4171 senectam.
362 4105 416 4172 Sic
430 4106 528 4193 igitur
542 4105 623 4171 bene
636 4105 789 4170 instituite
803 4101 928 4169 liberos.

65 4189 167 4272 fili,
187 4189 352 4256 infelicem
366 4199 399 4257 te
1016 4191 1079 4250 920

41 4275 213 4356 estavi,
232 4277 353 4365 gestavi
367 4276 427 4343 sub
441 4276 554 4363 beaute

506 4371 563 4428 rt
