2824 4860
448 203 754 298 ORES'I'ES„
1094 231 1136 292 49

143 381 218 474 Ego
229 395 335 452 eutem
348 385 382 450 in
396 383 465 452 aliie
478 386 573 452 rebut
585 386 659 452 satir
670 385 749 452 felix
762 384 819 466 tui,
916 425 918 430 ·
1071 403 1135 466 530

144 471 269 538 Praeter
303 472 384 537 uoad
398 471 495 537 filias:
517 472 551 536 in
565 472 627 538 hoc
639 484 744 538 uuum
754 493 820 538 nou
834 493 903 538 oum
912 473 1000 544 felix.

70 576 140 622 cuo.
146 494 338 624 inridendus
349 559 386 636 ie,
401 561 456 660 qui
469 557 543 624 felix
556 571 603 624 eet
616 557 721 645 quoad
734 558 859 637 liberos,

143 645 215 710 Nec
227 643 364 732 insigues
377 645 495 729 ubpuut
507 643 698 710 culumitctet
710 655 822 722 nectum
835 658 892 711 cot.

67 729 174 796 omo
189 751 297 808 senex,
312 750 373 818 ego
387 750 497 795 vereor
509 729 614 796 dicere
627 731 774 796 cdrertut
787 743 829 809 te,

142 813 212 882 Ubi
225 814 336 884 dolore
348 814 454 902 uliquo
467 813 635 882 effecturus
648 823 718 882 eum
732 817 871 882 uuimum
887 829 988 886 tuum.

141 901 216 992 Ego
229 900 358 1052 Ἧιὶἁωι
370 922 441 967 eum
453 899 602 988 pollutus,
617 915 771 990 quotenus
783 901 926 970 interfeci
940 919 1092 975 matrem:
1190 897 1195 918 ¹

139 983 236 1074 Impo
258 999 332 1053 utus
346 1000 451 1052 eutem
465 987 527 1053 ulio
542 989 677 1067 nomine,
692 988 778 1076 quod
792 987 958 1058 ulturum
971 1005 1106 1079 putrem.

142 1073 250 1140 Abeut
262 1073 361 1160 igitur
373 1071 499 1159 longius
512 1075 554 1138 ab
567 1074 630 1140 istc
644 1096 788 1140 sermone

141 1157 216 1225 Tun
229 1171 381 1236 senectus,
396 1181 468 1246 quae
481 1159 669 1226 interturbat
681 1182 733 1228 me
745 1161 912 1241 dicentem,

143 1243 188 1312 Et
201 1244 299 1312 redeo
312 1247 345 1310 iu
359 1247 460 1310 vium:
482 1265 569 1311 nuuc
581 1267 656 1312 vero
669 1269 779 1312 vereor
788 1259 874 1312 tuom
888 1249 1042 1316 canitiem.
1072 1261 1136 1320 cto

141 1330 230 1409 Quid
244 1330 411 1418 oportebat
423 1351 474 1397 me
486 1329 609 1398 fucere?
631 1353 758 1419 oppone
770 1333 855 1400 enim
869 1333 935 1400 duo
948 1336 1090 1405 duobus:

141 1417 239 1483 Pater
251 1416 380 1504 quidem
393 1438 445 1482 me
456 1417 577 1520 genuit,
590 1430 645 1484 tuo
657 1440 733 1484 vero
745 1418 811 1486 filiu
823 1422 955 1507 peperit,

140 1502 310 1590 Teuquum
324 1523 399 1591 eger
413 1503 568 1588 accipient
581 1525 687 1570 semen
701 1504 742 1571 ub
755 1505 833 1571 ulio:
915 1565 920 1576 .

141 1589 218 1654 Siue
230 1601 322 1675 putre
334 1600 438 1655 autem
453 1611 518 1654 non
531 1599 634 1674 potest
645 1591 735 1679 gigni
748 1593 860 1678 prolet-

141 1674 422 1764 Cogitabumergo
435 1675 676 1760 generis-autori
1028 1723 1034 1732 ·

140 1759 251 1849 Magis
278 1782 330 1826 me
356 1760 471 1826 debete
497 1761 657 1847 opitulari,
686 1784 780 1850 quem
808 1764 855 1830 ilii
883 1785 955 1853 quoe
990 1765 1132 1836 exhibuit

223 1847 484 1914 nutricationem:

140 1933 204 1998 Sed
218 1931 286 1998 filia
300 1945 518 2010 tum-vereor
531 1934 617 1998 enim
631 1953 744 1999 vocure
757 1946 945 2016 matrem,-

102 2084 106 2090 ,
140 2017 278 2104 Propric
291 2016 458 2106 bymenmo
469 2031 502 2085 et
514 2041 580 2084 nou
592 2018 735 2086 modesto

141 2103 239 2170 Venit
253 2105 287 2171 iu
301 2104 503 2170 concubitum
517 2105 614 2170 mihi:
637 2105 677 2170 de
691 2127 752 2184 me,
767 2106 879 2173 ridicu

140 2189 304 2272 Illimule,
318 2191 464 2278 eloquar:
486 2202 635 2256 ettamen
649 2191 760 2256 dicem,
1068 2207 1133 2266 550

139 2277 312 2365 AEgistbue
324 2289 392 2342 erut
404 2277 530 2342 abditus
545 2277 578 2342 iu
593 2276 689 2342 domo
702 2279 855 2346 meritur:
1122 2287 1130 2306 “

140 2363 242 2430 Hunc
255 2361 407 2440 interfeci,
422 2375 455 2428 et
467 2364 647 2448 pontillum,
662 2375 795 2430 matrem
809 2369 960 2432 mactari:

141 2449 323 2538 irreligioso
335 2447 463 2536 quidem
475 2447 601 2527 fuciene,
617 2448 673 2514 ced
687 2449 837 2517 ulciscens
849 2466 983 2539 putrem.

140 2533 238 2612 Quod
252 2531 357 2601 eutem
371 2534 501 2600 mineris
513 2556 565 2600 me
577 2534 691 2600 debere
705 2536 851 2622 lupiduri,
958 2605 961 2619 ,

138 2622 238 2703 Audi,
252 2633 289 2688 ut
301 2619 473 2706 profuerim
487 2621 546 2686 toti
564 2621 709 2688 Graecioe.

140 2707 275 2773 sienim
289 2705 436 2773 mulieres
448 2707 574 2772 veniunt
587 2707 627 2772 ud
641 2706 723 2774 hunc
734 2709 909 2791 audaciam,

141 2791 188 2859 Ut
201 2793 393 2860 interficient
406 2791 655 2874 virce,fucieutee
670 2793 826 2883 uestigium

140 2879 194 2944 nd
207 2880 334 2958 liberos,
348 2892 496 2946 venantes
508 2879 754 2945 misericordium
766 2881 925 2960 uberibus,

141 2965 205 3030 Pro
219 2965 321 3042 nihilo
336 2965 372 3030 iit
385 2963 479 3031 fuerit
491 2963 668 3030 interficere
681 2966 777 3044 viros,

142 3050 347 3117 Habentibue
359 3051 512 3136 quidlibet
525 3050 610 3137 quod
624 3051 790 3137 objicienti
812 3075 873 3140 ego
887 3063 1051 3140 postquem
1065 3053 1126 3120 feci

141 3137 200 3202 llle
213 3137 341 3216 atroci»,
353 3159 425 3222 qum
440 3150 475 3202 tu
489 3137 578 3216 dicis,
590 3139 768 3222 compescui
782 3139 874 3204 istem
887 3139 1005 3228 legem:
1070 3149 1131 3207 561

141 3221 183 3288 Et
196 3223 273 3288 odio
286 3223 405 3288 babens
420 3235 551 3288 matrem
561 3225 644 3309 juste
657 3223 792 3309 perdidi,

140 3307 223 3386 Quoe
237 3308 342 3374 virum
357 3308 519 3376 absentem
532 3333 571 3376 ex
584 3309 706 3375 cedibus
720 3331 793 3376 cum
808 3311 949 3377 exercitu

138 3393 264 3460 Ducem
278 3416 339 3480 pro
352 3406 419 3460 totu
432 3395 570 3476 Graecia,

141 3479 297 3560 Prodidit,
310 3492 343 3546 et
356 3501 420 3546 non
435 3481 567 3546 servavit
581 3482 862 3548 incontaminatum
877 3485 1012 3548 lectum:

138 3566 183 3631 At
196 3559 270 3632 cuin
285 3565 378 3631 sciret
391 3589 424 3631 ue
437 3589 591 3653 peccam
606 3590 670 3633 non
684 3568 743 3632 sibi
758 3589 888 3652 poenurn

140 3651 270 3731 inflixit,
285 3652 351 3731 sed,
367 3665 402 3717 ut
416 3673 480 3718 non
493 3653 584 3718 deret
593 3675 723 3740 poenem
738 3655 863 3733 marito,

141 3736 311 3804 Mulctevit
323 3747 356 3804 et
365 3738 521 3804 interiecit
535 3761 640 3805 meum
651 3752 783 3825 putrem.

140 3822 200 3888 Per
210 3824 300 3891 Dece
308 3827 559 3902 audian-secio
569 3827 758 3892 mentionem
768 3825 913 3892 Deorum
921 3825 1132 3903 incommode,

140 3907 260 3978 Dicent
269 3911 323 3997 jus
336 3909 378 3975 de
391 3909 494 3977 cmde:
509 3911 572 3977 ‘sed
586 3912 611 3976 oi
627 3913 734 3979 metris
748 3911 864 3978 fuctum
1070 3919 1133 3982 570

139 3993 262 4062 Tacent
275 3997 446 4076 laudarem,
462 3997 538 4085 quid
551 3997 673 4064 fecisset
688 3998 765 4064 mihi
779 4001 942 4064 mortuus?
1099 4057 1108 4076 ,

139 4079 254 4148 Nonne
267 4081 343 4148 odio
356 4081 477 4150 habene
492 4107 543 4150 me
555 4085 746 4172 exagitasset
760 4083 955 4149 Erinuibun?

138 4167 192 4232 An
208 4169 300 4234 metri
313 4169 442 4257 quidem
456 4171 572 4236 adsunt
585 4169 792 4236 auxiliatrices
806 4169 885 4249 dete,

139 4253 196 4320 Isti
209 4266 315 4322 eutem
329 4276 396 4324 nou
409 4256 536 4338 odnunt,
550 4257 664 4343 majori
678 4258 792 4344 injuria
805 4255 944 4324 affecto?

580 4363 604 4408 u
