<?xml version="1.0" encoding="UTF-8"?>
<!DOCTYPE html PUBLIC "-//W3C//DTD XHTML 1.0 Transitional//EN"
    "http://www.w3.org/TR/xhtml1/DTD/xhtml1-transitional.dtd">
<html xmlns="http://www.w3.org/1999/xhtml" xml:lang="en" lang="en">
 <head>
  <title>
</title>
<meta http-equiv="Content-Type" content="text/html;charset=utf-8" />
  <meta name='ocr-system' content='tesseract 3.04.00' />
  <meta name='ocr-capabilities' content='ocr_page ocr_carea ocr_par ocr_line ocrx_word'/>
</head>
<body>
  <div class='ocr_page' id='page_1' title='image "./euripidistragoe00mattgoog/euripidistragoe00mattgoog_0250.png"; bbox 0 0 2794 4862; ppageno 0'>
   <div class='ocr_carea' id='block_1_1' title="bbox 333 205 1135 325">
    <p class='ocr_par' dir='ltr' id='par_1_1' title="bbox 333 205 1135 325">
     <span class='ocr_line' id='line_1_1' title="bbox 333 205 1135 325; baseline 0.01 -10"><span class='ocrx_word' id='word_1_1' title='bbox 333 205 814 316; x_wconf 51' lang='lat' dir='ltr'><strong>‘sunnomscnn</strong></span> <span class='ocrx_word' id='word_1_2' title='bbox 1072 265 1135 325; x_wconf 74' lang='lat' dir='ltr'><strong>su</strong></span> 
     </span>
    </p>
   </div>
   <div class='ocr_carea' id='block_1_2' title="bbox 29 425 1132 4465">
    <p class='ocr_par' dir='ltr' id='par_1_2' title="bbox 29 425 1132 4465">
     <span class='ocr_line' id='line_1_2' title="bbox 155 425 1011 582; baseline 0.005 -89"><span class='ocrx_word' id='word_1_3' title='bbox 155 427 288 582; x_wconf 45' lang='lat' dir='ltr'><strong>iffmi&#39;</strong></span> <span class='ocrx_word' id='word_1_4' title='bbox 300 429 387 493; x_wconf 90' lang='lat' dir='ltr'><strong>enim</strong></span> <span class='ocrx_word' id='word_1_5' title='bbox 403 427 539 492; x_wconf 78' lang='lat' dir='ltr'><strong>nsulsum</strong></span> <span class='ocrx_word' id='word_1_6' title='bbox 552 439 656 514; x_wconf 86' lang='lat' dir='ltr'><strong>potest</strong></span> <span class='ocrx_word' id='word_1_7' title='bbox 669 439 701 493; x_wconf 91' lang='lat' dir='ltr'><strong>et</strong></span> <span class='ocrx_word' id='word_1_8' title='bbox 715 429 748 492; x_wconf 92' lang='lat' dir='ltr'><strong>iu</strong></span> <span class='ocrx_word' id='word_1_9' title='bbox 764 425 903 494; x_wconf 82' lang='lat' dir='ltr'><strong>adversis</strong></span> <span class='ocrx_word' id='word_1_10' title='bbox 918 429 1011 496; x_wconf 82' lang='lat' dir='ltr'><strong>rebus</strong></span> 
     </span>
     <span class='ocr_line' id='line_1_3' title="bbox 206 513 720 580; baseline -0.002 0"><span class='ocrx_word' id='word_1_11' title='bbox 206 514 224 580; x_wconf 88' lang='lat' dir='ltr'><strong>ii</strong></span> <span class='ocrx_word' id='word_1_12' title='bbox 235 513 345 580; x_wconf 86' lang='lat' dir='ltr'><strong>melius</strong></span> <span class='ocrx_word' id='word_1_13' title='bbox 359 525 406 579; x_wconf 90' lang='lat' dir='ltr'><strong>est</strong></span> <span class='ocrx_word' id='word_1_14' title='bbox 419 513 595 580; x_wconf 86' lang='lat' dir='ltr'><strong>domestico</strong></span> <span class='ocrx_word' id='word_1_15' title='bbox 609 515 720 579; x_wconf 87' lang='lat' dir='ltr'><strong>amico.</strong></span> 
     </span>
     <span class='ocr_line' id='line_1_4' title="bbox 84 599 833 687; baseline -0.001 -20"><span class='ocrx_word' id='word_1_16' title='bbox 84 600 392 687; x_wconf 79' lang='lat' dir='ltr'><strong>usnsssspousationis</strong></span> <span class='ocrx_word' id='word_1_17' title='bbox 407 599 536 687; x_wconf 86' lang='lat' dir='ltr'><strong>quidem</strong></span> <span class='ocrx_word' id='word_1_18' title='bbox 552 621 631 666; x_wconf 75' lang='lat' dir='ltr'><strong>:nem</strong></span> <span class='ocrx_word' id='word_1_19' title='bbox 643 613 731 686; x_wconf 83' lang='lat' dir='ltr'><strong>pater</strong></span> <span class='ocrx_word' id='word_1_20' title='bbox 746 621 833 666; x_wconf 89' lang='lat' dir='ltr'><strong>meus</strong></span> 
     </span>
     <span class='ocr_line' id='line_1_5' title="bbox 152 674 947 766; baseline 0 -12"><span class='ocrx_word' id='word_1_21' title='bbox 152 685 247 754; x_wconf 77' lang='lat' dir='ltr'><strong>curan:</strong></span> <span class='ocrx_word' id='word_1_22' title='bbox 262 686 403 766; x_wconf 87' lang='lat' dir='ltr'><strong>habebit,</strong></span> <span class='ocrx_word' id='word_1_23' title='bbox 419 700 451 751; x_wconf 92' lang='lat' dir='ltr'><strong>et</strong></span> <span class='ocrx_word' id='word_1_24' title='bbox 465 707 529 750; x_wconf 91' lang='lat' dir='ltr'><strong>non</strong></span> <span class='ocrx_word' id='word_1_25' title='bbox 545 700 593 752; x_wconf 89' lang='lat' dir='ltr'><strong>est</strong></span> <span class='ocrx_word' id='word_1_26' title='bbox 606 681 711 752; x_wconf 84' lang='lat' dir='ltr'><strong>meum</strong></span> <span class='ocrx_word' id='word_1_27' title='bbox 726 695 863 754; x_wconf 83' lang='lat' dir='ltr'><strong>statuere</strong></span> <span class='ocrx_word' id='word_1_28' title='bbox 871 674 947 754; x_wconf 86' lang='lat' dir='ltr'><strong>boc.</strong></span> 
     </span>
     <span class='ocr_line' id='line_1_6' title="bbox 151 771 1131 862; baseline 0.002 -20"><span class='ocrx_word' id='word_1_29' title='bbox 151 775 201 842; x_wconf 84' lang='lat' dir='ltr'><strong>Sed</strong></span> <span class='ocrx_word' id='word_1_30' title='bbox 213 773 440 862; x_wconf 83' lang='lat' dir='ltr'><strong>quamprimum</strong></span> <span class='ocrx_word' id='word_1_31' title='bbox 455 771 565 838; x_wconf 88' lang='lat' dir='ltr'><strong>abduc</strong></span> <span class='ocrx_word' id='word_1_32' title='bbox 574 795 625 838; x_wconf 87' lang='lat' dir='ltr'><strong>me</strong></span> <span class='ocrx_word' id='word_1_33' title='bbox 638 797 678 840; x_wconf 81' lang='lat' dir='ltr'><strong>ex</strong></span> <span class='ocrx_word' id='word_1_34' title='bbox 692 773 759 838; x_wconf 90' lang='lat' dir='ltr'><strong>istis</strong></span> <span class='ocrx_word' id='word_1_35' title='bbox 773 772 906 854; x_wconf 83' lang='lat' dir='ltr'><strong>aedibus,</strong></span> <span class='ocrx_word' id='word_1_36' title='bbox 965 781 969 792; x_wconf 91' lang='lat'>&#39;</span> <span class='ocrx_word' id='word_1_37' title='bbox 990 806 994 816; x_wconf 66' lang='lat'><strong><em>¹</em></strong></span> <span class='ocrx_word' id='word_1_38' title='bbox 1067 783 1131 847; x_wconf 81' lang='lat'><strong>970</strong></span> 
     </span>
     <span class='ocr_line' id='line_1_7' title="bbox 151 857 1129 946; baseline 0.005 -20"><span class='ocrx_word' id='word_1_39' title='bbox 151 861 192 926; x_wconf 85' lang='lat' dir='ltr'><strong>Ne</strong></span> <span class='ocrx_word' id='word_1_40' title='bbox 202 873 367 926; x_wconf 74' lang='lat' dir='ltr'><strong>antevertat</strong></span> <span class='ocrx_word' id='word_1_41' title='bbox 380 881 431 923; x_wconf 89' lang='lat' dir='ltr'><strong>me</strong></span> <span class='ocrx_word' id='word_1_42' title='bbox 442 857 595 924; x_wconf 87' lang='lat' dir='ltr'><strong>acced&#39;ens</strong></span> <span class='ocrx_word' id='word_1_43' title='bbox 609 859 651 924; x_wconf 89' lang='lat' dir='ltr'><strong>ad</strong></span> <span class='ocrx_word' id='word_1_44' title='bbox 662 859 793 926; x_wconf 88' lang='lat' dir='ltr'><strong>domum</strong></span> <span class='ocrx_word' id='word_1_45' title='bbox 807 874 839 925; x_wconf 87' lang='lat' dir='ltr'><strong>et</strong></span> <span class='ocrx_word' id='word_1_46' title='bbox 848 863 975 927; x_wconf 86' lang='lat' dir='ltr'><strong>veniens</strong></span> <span class='ocrx_word' id='word_1_47' title='bbox 985 863 1129 946; x_wconf 85' lang='lat' dir='ltr'><strong>maritus,</strong></span> 
     </span>
     <span class='ocr_line' id='line_1_8' title="bbox 150 943 863 1012; baseline 0.003 -2"><span class='ocrx_word' id='word_1_48' title='bbox 150 945 199 1012; x_wconf 87' lang='lat' dir='ltr'><strong>Vel</strong></span> <span class='ocrx_word' id='word_1_49' title='bbox 211 945 397 1012; x_wconf 72' lang='lat' dir='ltr'>deserentem</span> <span class='ocrx_word' id='word_1_50' title='bbox 412 967 463 1010; x_wconf 79' lang='lat' dir='ltr'><strong>nne</strong></span> <span class='ocrx_word' id='word_1_51' title='bbox 477 945 609 1010; x_wconf 92' lang='lat' dir='ltr'><strong>domum</strong></span> <span class='ocrx_word' id='word_1_52' title='bbox 623 943 680 1010; x_wconf 85' lang='lat' dir='ltr'><strong>filii</strong></span> <span class='ocrx_word' id='word_1_53' title='bbox 694 947 863 1012; x_wconf 72' lang='lat' dir='ltr'><strong>resciscens</strong></span> 
     </span>
     <span class='ocr_line' id='line_1_9' title="bbox 149 1031 857 1133; baseline 0 -35"><span class='ocrx_word' id='word_1_54' title='bbox 149 1031 243 1098; x_wconf 83' lang='lat' dir='ltr'><strong>Peleus</strong></span> <span class='ocrx_word' id='word_1_55' title='bbox 257 1043 466 1120; x_wconf 83' lang='lat' dir='ltr'><strong>persequatur</strong></span> <span class='ocrx_word' id='word_1_56' title='bbox 480 1031 617 1133; x_wconf 73' lang='lat' dir='ltr'>equestri</span> <span class='ocrx_word' id='word_1_57' title='bbox 630 1032 857 1118; x_wconf 87' lang='lat' dir='ltr'><strong>persecutione.</strong></span> 
     </span>
     <span class='ocr_line' id='line_1_10' title="bbox 71 1117 969 1191; baseline -0.008 0"><span class='ocrx_word' id='word_1_58' title='bbox 71 1143 138 1191; x_wconf 81' lang='lat' dir='ltr'><strong>ons.</strong></span> <span class='ocrx_word' id='word_1_59' title='bbox 148 1117 193 1185; x_wconf 81' lang='lat' dir='ltr'><strong>Tu</strong></span> <span class='ocrx_word' id='word_1_60' title='bbox 204 1141 240 1186; x_wconf 92' lang='lat' dir='ltr'><strong>ne</strong></span> <span class='ocrx_word' id='word_1_61' title='bbox 252 1117 435 1184; x_wconf 85' lang='lat' dir='ltr'><strong>reformides</strong></span> <span class='ocrx_word' id='word_1_62' title='bbox 449 1139 531 1182; x_wconf 87' lang='lat' dir='ltr'><strong>sema</strong></span> <span class='ocrx_word' id='word_1_63' title='bbox 545 1139 692 1184; x_wconf 87' lang='lat' dir='ltr'><strong>manum:</strong></span> <span class='ocrx_word' id='word_1_64' title='bbox 716 1117 850 1184; x_wconf 74' lang='lat' dir='ltr'><strong>Achillis</strong></span> <span class='ocrx_word' id='word_1_65' title='bbox 864 1131 969 1186; x_wconf 87' lang='lat' dir='ltr'><strong>sutem</strong></span> 
     </span>
     <span class='ocr_line' id='line_1_11' title="bbox 146 1203 1028 1293; baseline 0 -22"><span class='ocrx_word' id='word_1_66' title='bbox 146 1204 221 1272; x_wconf 88' lang='lat' dir='ltr'><strong>Nihil</strong></span> <span class='ocrx_word' id='word_1_67' title='bbox 234 1227 358 1292; x_wconf 91' lang='lat' dir='ltr'><strong>quoque</strong></span> <span class='ocrx_word' id='word_1_68' title='bbox 371 1213 493 1270; x_wconf 88' lang='lat' dir='ltr'><strong>metuas</strong></span> <span class='ocrx_word' id='word_1_69' title='bbox 506 1203 617 1282; x_wconf 84' lang='lat' dir='ltr'><strong>filium,</strong></span> <span class='ocrx_word' id='word_1_70' title='bbox 633 1204 688 1292; x_wconf 90' lang='lat' dir='ltr'><strong>qui</strong></span> <span class='ocrx_word' id='word_1_71' title='bbox 703 1203 737 1271; x_wconf 91' lang='lat' dir='ltr'><strong>iu</strong></span> <span class='ocrx_word' id='word_1_72' title='bbox 750 1221 803 1270; x_wconf 91' lang='lat' dir='ltr'><strong>me</strong></span> <span class='ocrx_word' id='word_1_73' title='bbox 817 1203 876 1273; x_wconf 88' lang='lat' dir='ltr'><strong>suit</strong></span> <span class='ocrx_word' id='word_1_74' title='bbox 886 1206 1028 1293; x_wconf 89' lang='lat' dir='ltr'><strong>injurius.</strong></span> 
     </span>
     <span class='ocr_line' id='line_1_12' title="bbox 145 1289 632 1358; baseline -0.004 0"><span class='ocrx_word' id='word_1_75' title='bbox 145 1291 217 1358; x_wconf 85' lang='lat' dir='ltr'><strong>Nau:</strong></span> <span class='ocrx_word' id='word_1_76' title='bbox 230 1289 305 1356; x_wconf 85' lang='lat' dir='ltr'><strong>tales</strong></span> <span class='ocrx_word' id='word_1_77' title='bbox 320 1289 444 1356; x_wconf 78' lang='lat' dir='ltr'><strong>insidiae</strong></span> <span class='ocrx_word' id='word_1_78' title='bbox 458 1289 487 1356; x_wconf 91' lang='lat' dir='ltr'><strong>ei</strong></span> <span class='ocrx_word' id='word_1_79' title='bbox 504 1302 632 1356; x_wconf 87' lang='lat' dir='ltr'><strong>structoe</strong></span> 
     </span>
     <span class='ocr_line' id='line_1_13' title="bbox 143 1375 775 1464; baseline -0.005 -20"><span class='ocrx_word' id='word_1_80' title='bbox 143 1379 178 1444; x_wconf 84' lang='lat' dir='ltr'><strong>In</strong></span> <span class='ocrx_word' id='word_1_81' title='bbox 189 1375 300 1464; x_wconf 87' lang='lat' dir='ltr'><strong>isqueis</strong></span> <span class='ocrx_word' id='word_1_82' title='bbox 313 1375 590 1464; x_wconf 74' lang='lat' dir='ltr'><strong>inexplicabilibus</strong></span> <span class='ocrx_word' id='word_1_83' title='bbox 603 1391 676 1442; x_wconf 90' lang='lat' dir='ltr'><strong>sunt</strong></span> <span class='ocrx_word' id='word_1_84' title='bbox 689 1377 775 1443; x_wconf 89' lang='lat' dir='ltr'><strong>necis</strong></span> 
     </span>
     <span class='ocr_line' id='line_1_14' title="bbox 143 1463 1066 1551; baseline 0.001 -21"><span class='ocrx_word' id='word_1_85' title='bbox 143 1463 190 1530; x_wconf 85' lang='lat' dir='ltr'><strong>Ab</strong></span> <span class='ocrx_word' id='word_1_86' title='bbox 202 1465 256 1529; x_wconf 88' lang='lat' dir='ltr'><strong>hsc</strong></span> <span class='ocrx_word' id='word_1_87' title='bbox 269 1484 377 1541; x_wconf 88' lang='lat' dir='ltr'><strong>manu,</strong></span> <span class='ocrx_word' id='word_1_88' title='bbox 394 1486 471 1550; x_wconf 89' lang='lat' dir='ltr'><strong>quas</strong></span> <span class='ocrx_word' id='word_1_89' title='bbox 485 1463 615 1528; x_wconf 85' lang='lat' dir='ltr'><strong>insidias</strong></span> <span class='ocrx_word' id='word_1_90' title='bbox 628 1464 716 1548; x_wconf 90' lang='lat' dir='ltr'><strong>prius</strong></span> <span class='ocrx_word' id='word_1_91' title='bbox 730 1464 857 1551; x_wconf 87' lang='lat' dir='ltr'><strong>quidem</strong></span> <span class='ocrx_word' id='word_1_92' title='bbox 872 1484 937 1528; x_wconf 92' lang='lat' dir='ltr'><strong>non</strong></span> <span class='ocrx_word' id='word_1_93' title='bbox 952 1463 1066 1545; x_wconf 88' lang='lat' dir='ltr'><strong>dicam,</strong></span> 
     </span>
     <span class='ocr_line' id='line_1_15' title="bbox 142 1547 778 1636; baseline -0.005 -18"><span class='ocrx_word' id='word_1_94' title='bbox 142 1550 198 1618; x_wconf 83' lang='lat' dir='ltr'><strong>Sed</strong></span> <span class='ocrx_word' id='word_1_95' title='bbox 209 1547 344 1636; x_wconf 83' lang='lat' dir='ltr'><strong>perfecta</strong></span> <span class='ocrx_word' id='word_1_96' title='bbox 357 1572 401 1628; x_wconf 88' lang='lat' dir='ltr'><strong>re,</strong></span> <span class='ocrx_word' id='word_1_97' title='bbox 417 1551 494 1614; x_wconf 86' lang='lat' dir='ltr'><strong>sciet</strong></span> <span class='ocrx_word' id='word_1_98' title='bbox 508 1547 665 1635; x_wconf 88' lang='lat' dir='ltr'><strong>Delphica</strong></span> <span class='ocrx_word' id='word_1_99' title='bbox 679 1562 778 1635; x_wconf 84' lang='lat' dir='ltr'><strong>petra.</strong></span> 
     </span>
     <span class='ocr_line' id='line_1_16' title="bbox 130 1634 1128 1716; baseline 0.003 -14"><span class='ocrx_word' id='word_1_100' title='bbox 130 1635 300 1715; x_wconf 75' lang='lat' dir='ltr'><strong>Matricids</strong></span> <span class='ocrx_word' id='word_1_101' title='bbox 312 1657 397 1713; x_wconf 86' lang='lat' dir='ltr'><strong>vero,</strong></span> <span class='ocrx_word' id='word_1_102' title='bbox 413 1634 439 1700; x_wconf 90' lang='lat' dir='ltr'><strong>si</strong></span> <span class='ocrx_word' id='word_1_103' title='bbox 454 1635 614 1702; x_wconf 89' lang='lat' dir='ltr'><strong>sociorum</strong></span> <span class='ocrx_word' id='word_1_104' title='bbox 627 1657 770 1701; x_wconf 88' lang='lat' dir='ltr'><strong>meorum</strong></span> <span class='ocrx_word' id='word_1_105' title='bbox 964 1709 967 1716; x_wconf 20' lang='lat'><strong>⁴</strong></span> <span class='ocrx_word' id='word_1_106' title='bbox 1064 1648 1128 1705; x_wconf 77' lang='lat'><strong>9⁸0</strong></span> 
     </span>
     <span class='ocr_line' id='line_1_17' title="bbox 139 1717 1028 1810; baseline -0.002 -20"><span class='ocrx_word' id='word_1_107' title='bbox 139 1721 261 1790; x_wconf 74' lang='lat' dir='ltr'><strong>Foedera</strong></span> <span class='ocrx_word' id='word_1_108' title='bbox 275 1717 548 1802; x_wconf 79' lang='lat' dir='ltr'><strong>manserintfirrno</strong></span> <span class='ocrx_word' id='word_1_109' title='bbox 563 1719 596 1786; x_wconf 91' lang='lat' dir='ltr'><strong>in</strong></span> <span class='ocrx_word' id='word_1_110' title='bbox 611 1733 696 1786; x_wconf 86' lang='lat' dir='ltr'><strong>terra</strong></span> <span class='ocrx_word' id='word_1_111' title='bbox 712 1721 852 1810; x_wconf 82' lang='lat' dir='ltr'><strong>Pythice,</strong></span> <span class='ocrx_word' id='word_1_112' title='bbox 1022 1727 1028 1742; x_wconf 84' lang='lat'><strong><em>¹</em></strong></span> 
     </span>
     <span class='ocr_line' id='line_1_18' title="bbox 137 1805 1092 1897; baseline -0.001 -21"><span class='ocrx_word' id='word_1_113' title='bbox 137 1809 214 1876; x_wconf 80' lang='lat' dir='ltr'><strong>Eum</strong></span> <span class='ocrx_word' id='word_1_114' title='bbox 226 1807 353 1875; x_wconf 75' lang='lat' dir='ltr'><strong>docebit</strong></span> <span class='ocrx_word' id='word_1_115' title='bbox 365 1807 484 1897; x_wconf 79' lang='lat' dir='ltr'><strong>nuliam</strong></span> <span class='ocrx_word' id='word_1_116' title='bbox 500 1829 608 1874; x_wconf 84' lang='lat' dir='ltr'><strong>eorum.</strong></span> <span class='ocrx_word' id='word_1_117' title='bbox 618 1805 746 1888; x_wconf 89' lang='lat' dir='ltr'><strong>ducere,</strong></span> <span class='ocrx_word' id='word_1_118' title='bbox 760 1831 838 1896; x_wconf 89' lang='lat' dir='ltr'><strong>quas</strong></span> <span class='ocrx_word' id='word_1_119' title='bbox 852 1829 913 1895; x_wconf 81' lang='lat' dir='ltr'><strong>ego</strong></span> <span class='ocrx_word' id='word_1_120' title='bbox 927 1809 1092 1877; x_wconf 78' lang='lat' dir='ltr'><strong>debebam.</strong></span> 
     </span>
     <span class='ocr_line' id='line_1_19' title="bbox 136 1894 934 1993; baseline -0.003 -31"><span class='ocrx_word' id='word_1_121' title='bbox 136 1897 198 1962; x_wconf 90' lang='lat' dir='ltr'><strong>Suo</strong></span> <span class='ocrx_word' id='word_1_122' title='bbox 209 1907 313 1961; x_wconf 89' lang='lat' dir='ltr'><strong>autem</strong></span> <span class='ocrx_word' id='word_1_123' title='bbox 328 1894 413 1960; x_wconf 90' lang='lat' dir='ltr'><strong>mslo</strong></span> <span class='ocrx_word' id='word_1_124' title='bbox 426 1906 535 1982; x_wconf 89' lang='lat' dir='ltr'><strong>poscet</strong></span> <span class='ocrx_word' id='word_1_125' title='bbox 548 1913 676 1993; x_wconf 85' lang='lat' dir='ltr'><strong>poenonr</strong></span> <span class='ocrx_word' id='word_1_126' title='bbox 692 1908 835 1980; x_wconf 78' lang='lat' dir='ltr'><strong>paternas</strong></span> <span class='ocrx_word' id='word_1_127' title='bbox 848 1897 934 1973; x_wconf 83' lang='lat' dir='ltr'><strong>necis</strong></span> 
     </span>
     <span class='ocr_line' id='line_1_20' title="bbox 135 1979 787 2071; baseline -0.005 -22"><span class='ocrx_word' id='word_1_128' title='bbox 135 1983 248 2070; x_wconf 77' lang='lat' dir='ltr'><strong>Arege</strong></span> <span class='ocrx_word' id='word_1_129' title='bbox 263 1979 405 2046; x_wconf 81' lang='lat' dir='ltr'><strong>Phoebo:</strong></span> <span class='ocrx_word' id='word_1_130' title='bbox 429 2001 532 2071; x_wconf 85' lang='lat' dir='ltr'><strong>neque</strong></span> <span class='ocrx_word' id='word_1_131' title='bbox 546 1979 635 2045; x_wconf 86' lang='lat' dir='ltr'><strong>dium</strong></span> <span class='ocrx_word' id='word_1_132' title='bbox 653 1981 787 2046; x_wconf 85' lang='lat' dir='ltr'><strong>mutatio</strong></span> 
     </span>
     <span class='ocr_line' id='line_1_21' title="bbox 132 2065 849 2154; baseline -0.004 -19"><span class='ocrx_word' id='word_1_133' title='bbox 132 2067 234 2135; x_wconf 79' lang='lat' dir='ltr'><strong>Animi</strong></span> <span class='ocrx_word' id='word_1_134' title='bbox 241 2067 378 2154; x_wconf 79' lang='lat' dir='ltr'><strong>juvebit,</strong></span> <span class='ocrx_word' id='word_1_135' title='bbox 392 2065 520 2132; x_wconf 85' lang='lat' dir='ltr'><strong>dantem</strong></span> <span class='ocrx_word' id='word_1_136' title='bbox 535 2087 622 2132; x_wconf 87' lang='lat' dir='ltr'><strong>nunc</strong></span> <span class='ocrx_word' id='word_1_137' title='bbox 635 2088 749 2152; x_wconf 74' lang='lat' dir='ltr'><strong>poenas</strong></span> <span class='ocrx_word' id='word_1_138' title='bbox 763 2066 849 2132; x_wconf 88' lang='lat' dir='ltr'><strong>Deo.</strong></span> 
     </span>
     <span class='ocr_line' id='line_1_22' title="bbox 131 2151 801 2240; baseline -0.006 -18"><span class='ocrx_word' id='word_1_139' title='bbox 131 2153 191 2222; x_wconf 85' lang='lat' dir='ltr'><strong>Sed</strong></span> <span class='ocrx_word' id='word_1_140' title='bbox 204 2151 236 2221; x_wconf 84' lang='lat' dir='ltr'><strong>et</strong></span> <span class='ocrx_word' id='word_1_141' title='bbox 249 2153 290 2219; x_wconf 91' lang='lat' dir='ltr'><strong>ab</strong></span> <span class='ocrx_word' id='word_1_142' title='bbox 304 2153 361 2218; x_wconf 92' lang='lat' dir='ltr'><strong>illo</strong></span> <span class='ocrx_word' id='word_1_143' title='bbox 374 2151 708 2240; x_wconf 74' lang='lat' dir='ltr'><strong>criminationibusque</strong></span> <span class='ocrx_word' id='word_1_144' title='bbox 723 2153 801 2218; x_wconf 85' lang='lat' dir='ltr'><strong>meis</strong></span> 
     </span>
     <span class='ocr_line' id='line_1_23' title="bbox 130 2239 997 2343; baseline -0.001 -37"><span class='ocrx_word' id='word_1_145' title='bbox 130 2239 217 2308; x_wconf 89' lang='lat' dir='ltr'><strong>Male</strong></span> <span class='ocrx_word' id='word_1_146' title='bbox 230 2239 363 2326; x_wconf 81' lang='lat' dir='ltr'><strong>peribit:</strong></span> <span class='ocrx_word' id='word_1_147' title='bbox 385 2253 536 2343; x_wconf 64' lang='lat' dir='ltr'><strong>agnoscet</strong></span> <span class='ocrx_word' id='word_1_148' title='bbox 549 2251 655 2304; x_wconf 85' lang='lat' dir='ltr'><strong>autem</strong></span> <span class='ocrx_word' id='word_1_149' title='bbox 670 2261 773 2304; x_wconf 87' lang='lat' dir='ltr'><strong>mesm</strong></span> <span class='ocrx_word' id='word_1_150' title='bbox 788 2239 997 2306; x_wconf 89' lang='lat' dir='ltr'><strong>inimicitiam.</strong></span> 
     </span>
     <span class='ocr_line' id='line_1_24' title="bbox 127 2325 1014 2394; baseline -0.002 0"><span class='ocrx_word' id='word_1_151' title='bbox 127 2327 210 2394; x_wconf 84' lang='lat' dir='ltr'><strong>Nam</strong></span> <span class='ocrx_word' id='word_1_152' title='bbox 225 2326 365 2392; x_wconf 84' lang='lat' dir='ltr'><strong>virorum</strong></span> <span class='ocrx_word' id='word_1_153' title='bbox 380 2327 581 2392; x_wconf 77' lang='lat' dir='ltr'><strong>inimicorum</strong></span> <span class='ocrx_word' id='word_1_154' title='bbox 596 2339 713 2390; x_wconf 86' lang='lat' dir='ltr'><strong>sortem</strong></span> <span class='ocrx_word' id='word_1_155' title='bbox 727 2327 761 2390; x_wconf 92' lang='lat' dir='ltr'><strong>in</strong></span> <span class='ocrx_word' id='word_1_156' title='bbox 775 2325 1014 2392; x_wconf 81' lang='lat' dir='ltr'><strong>conversionem</strong></span> 
     </span>
     <span class='ocr_line' id='line_1_25' title="bbox 124 2410 905 2498; baseline -0.009 -17"><span class='ocrx_word' id='word_1_157' title='bbox 124 2413 215 2480; x_wconf 88' lang='lat' dir='ltr'><strong>Deus</strong></span> <span class='ocrx_word' id='word_1_158' title='bbox 230 2413 296 2491; x_wconf 88' lang='lat' dir='ltr'><strong>dat,</strong></span> <span class='ocrx_word' id='word_1_159' title='bbox 311 2426 345 2478; x_wconf 90' lang='lat' dir='ltr'><strong>et</strong></span> <span class='ocrx_word' id='word_1_160' title='bbox 357 2434 422 2478; x_wconf 90' lang='lat' dir='ltr'><strong>non</strong></span> <span class='ocrx_word' id='word_1_161' title='bbox 437 2411 512 2478; x_wconf 88' lang='lat' dir='ltr'><strong>sinit</strong></span> <span class='ocrx_word' id='word_1_162' title='bbox 522 2410 695 2498; x_wconf 77' lang='lat' dir='ltr'><strong>superbire.</strong></span> <span class='ocrx_word' id='word_1_163' title='bbox 903 2419 905 2426; x_wconf 88' lang='grc'><strong>’</strong></span> 
     </span>
     <span class='ocr_line' id='line_1_26' title="bbox 29 2495 1127 2587; baseline -0.001 -19"><span class='ocrx_word' id='word_1_164' title='bbox 29 2523 112 2568; x_wconf 79' lang='lat' dir='ltr'><strong>csso.</strong></span> <span class='ocrx_word' id='word_1_165' title='bbox 123 2499 157 2566; x_wconf 92' lang='grc' dir='ltr'>Ο</span> <span class='ocrx_word' id='word_1_166' title='bbox 171 2498 294 2566; x_wconf 86' lang='lat' dir='ltr'><strong>Phoebe</strong></span> <span class='ocrx_word' id='word_1_167' title='bbox 308 2500 364 2587; x_wconf 91' lang='lat' dir='ltr'><strong>qui</strong></span> <span class='ocrx_word' id='word_1_168' title='bbox 378 2495 519 2565; x_wconf 85' lang='lat' dir='ltr'><strong>turribus</strong></span> <span class='ocrx_word' id='word_1_169' title='bbox 533 2498 671 2564; x_wconf 77' lang='lat' dir='ltr'><strong>mandisti</strong></span> <span class='ocrx_word' id='word_1_170' title='bbox 686 2498 719 2562; x_wconf 93' lang='lat' dir='ltr'><strong>in</strong></span> <span class='ocrx_word' id='word_1_171' title='bbox 737 2497 797 2564; x_wconf 91' lang='lat' dir='ltr'><strong>llio</strong></span> <span class='ocrx_word' id='word_1_172' title='bbox 905 2503 970 2584; x_wconf 81' lang='lat' dir='ltr'><strong>(stt.</strong></span> <span class='ocrx_word' id='word_1_173' title='bbox 988 2499 1033 2582; x_wconf 89' lang='lat'><strong>1.)</strong></span> <span class='ocrx_word' id='word_1_174' title='bbox 1064 2507 1127 2567; x_wconf 82' lang='grc'><strong>900</strong></span> 
     </span>
     <span class='ocr_line' id='line_1_27' title="bbox 121 2583 744 2671; baseline -0.005 -18"><span class='ocrx_word' id='word_1_175' title='bbox 121 2585 383 2653; x_wconf 86' lang='lat' dir='ltr'><strong>Bene-munitum</strong></span> <span class='ocrx_word' id='word_1_176' title='bbox 398 2583 521 2663; x_wconf 86' lang='lat' dir='ltr'><strong>coliem,</strong></span> <span class='ocrx_word' id='word_1_177' title='bbox 537 2595 570 2650; x_wconf 89' lang='lat' dir='ltr'><strong>et</strong></span> <span class='ocrx_word' id='word_1_178' title='bbox 584 2584 744 2671; x_wconf 88' lang='lat' dir='ltr'><strong>Neptune,</strong></span> 
     </span>
     <span class='ocr_line' id='line_1_28' title="bbox 119 2671 589 2758; baseline -0.004 -21"><span class='ocrx_word' id='word_1_179' title='bbox 119 2671 189 2750; x_wconf 82' lang='lat' dir='ltr'><strong>Qui</strong></span> <span class='ocrx_word' id='word_1_180' title='bbox 204 2671 329 2738; x_wconf 83' lang='lat' dir='ltr'><strong>veheris</strong></span> <span class='ocrx_word' id='word_1_181' title='bbox 343 2672 487 2738; x_wconf 81' lang='lat' dir='ltr'><strong>caeruleis</strong></span> <span class='ocrx_word' id='word_1_182' title='bbox 500 2671 589 2758; x_wconf 91' lang='lat' dir='ltr'><strong>equis</strong></span> 
     </span>
     <span class='ocr_line' id='line_1_29' title="bbox 118 2756 959 2850; baseline -0.007 -25"><span class='ocrx_word' id='word_1_183' title='bbox 118 2757 186 2825; x_wconf 90' lang='lat' dir='ltr'><strong>Per</strong></span> <span class='ocrx_word' id='word_1_184' title='bbox 201 2759 361 2826; x_wconf 87' lang='lat' dir='ltr'><strong>marinum</strong></span> <span class='ocrx_word' id='word_1_185' title='bbox 376 2757 524 2850; x_wconf 66' lang='lat' dir='ltr'><strong>pelagus,⁴</strong></span> <span class='ocrx_word' id='word_1_186' title='bbox 533 2779 631 2844; x_wconf 85' lang='lat' dir='ltr'><strong>quare</strong></span> <span class='ocrx_word' id='word_1_187' title='bbox 645 2756 867 2823; x_wconf 83' lang='lat' dir='ltr'><strong>inhonoratum</strong></span> <span class='ocrx_word' id='word_1_188' title='bbox 883 2777 959 2842; x_wconf 86' lang='lat' dir='ltr'><strong>ope·</strong></span> 
     </span>
     <span class='ocr_line' id='line_1_30' title="bbox 115 2842 804 2912; baseline -0.006 0"><span class='ocrx_word' id='word_1_189' title='bbox 115 2865 188 2912; x_wconf 83' lang='lat' dir='ltr'><strong>ram</strong></span> <span class='ocrx_word' id='word_1_190' title='bbox 204 2857 239 2912; x_wconf 90' lang='lat' dir='ltr'><strong>et</strong></span> <span class='ocrx_word' id='word_1_191' title='bbox 252 2843 423 2912; x_wconf 82' lang='lat' dir='ltr'><strong>artificium</strong></span> <span class='ocrx_word' id='word_1_192' title='bbox 800 2842 804 2856; x_wconf 90' lang='lat'>&#39;</span> 
     </span>
     <span class='ocr_line' id='line_1_31' title="bbox 112 2927 740 3036; baseline -0.01 -37"><span class='ocrx_word' id='word_1_193' title='bbox 112 2930 222 2998; x_wconf 78' lang='lat' dir='ltr'><strong>Marti</strong></span> <span class='ocrx_word' id='word_1_194' title='bbox 238 2927 525 3036; x_wconf 74' lang='lat' dir='ltr'><strong>pugnandi-perito</strong></span> <span class='ocrx_word' id='word_1_195' title='bbox 537 2927 720 2998; x_wconf 83' lang='lat' dir='ltr'><strong>addicentes</strong></span> <span class='ocrx_word' id='word_1_196' title='bbox 736 2929 740 2937; x_wconf 85' lang='lat'>&#39;</span> 
     </span>
     <span class='ocr_line' id='line_1_32' title="bbox 112 3013 814 3106; baseline -0.006 -22"><span class='ocrx_word' id='word_1_197' title='bbox 112 3017 309 3106; x_wconf 83' lang='lat' dir='ltr'><strong>Reliquistrs</strong></span> <span class='ocrx_word' id='word_1_198' title='bbox 323 3017 480 3096; x_wconf 83' lang='lat' dir='ltr'><strong>miseram,</strong></span> <span class='ocrx_word' id='word_1_199' title='bbox 496 3017 641 3082; x_wconf 84' lang='lat' dir='ltr'><strong>miseram</strong></span> <span class='ocrx_word' id='word_1_200' title='bbox 656 3013 814 3102; x_wconf 75' lang='lat' dir='ltr'><strong>Trojami&#39;</strong></span> 
     </span>
     <span class='ocr_line' id='line_1_33' title="bbox 106 3102 1127 3205; baseline -0.002 -35"><span class='ocrx_word' id='word_1_201' title='bbox 106 3105 157 3170; x_wconf 87' lang='lat' dir='ltr'><strong>Et</strong></span> <span class='ocrx_word' id='word_1_202' title='bbox 171 3105 332 3192; x_wconf 88' lang='lat' dir='ltr'><strong>plurimos</strong></span> <span class='ocrx_word' id='word_1_203' title='bbox 346 3104 389 3170; x_wconf 87' lang='lat' dir='ltr'><strong>sd</strong></span> <span class='ocrx_word' id='word_1_204' title='bbox 403 3104 488 3205; x_wconf 89' lang='lat' dir='ltr'><strong>ripas</strong></span> <span class='ocrx_word' id='word_1_205' title='bbox 503 3102 694 3169; x_wconf 87' lang='lat' dir='ltr'><strong>Simoentiss</strong></span> <span class='ocrx_word' id='word_1_206' title='bbox 989 3103 1068 3186; x_wconf 81' lang='lat' dir='ltr'><strong>(ant.</strong></span> <span class='ocrx_word' id='word_1_207' title='bbox 1083 3103 1127 3188; x_wconf 85' lang='lat'><strong>1.)</strong></span> 
     </span>
     <span class='ocr_line' id='line_1_34' title="bbox 105 3187 927 3278; baseline -0.006 -20"><span class='ocrx_word' id='word_1_208' title='bbox 105 3190 352 3258; x_wconf 82' lang='lat' dir='ltr'><strong>Prrestantibus</strong></span> <span class='ocrx_word' id='word_1_209' title='bbox 365 3212 455 3278; x_wconf 80' lang='lat' dir='ltr'><strong>equis</strong></span> <span class='ocrx_word' id='word_1_210' title='bbox 468 3191 639 3256; x_wconf 84' lang='lat' dir='ltr'><strong>instructos</strong></span> <span class='ocrx_word' id='word_1_211' title='bbox 653 3209 766 3256; x_wconf 90' lang='lat' dir='ltr'><strong>currus</strong></span> <span class='ocrx_word' id='word_1_212' title='bbox 774 3187 927 3275; x_wconf 81' lang='lat' dir='ltr'><strong>junxistis</strong></span> 
     </span>
     <span class='ocr_line' id='line_1_35' title="bbox 102 3275 678 3344; baseline -0.003 0"><span class='ocrx_word' id='word_1_213' title='bbox 102 3277 154 3344; x_wconf 81' lang='lat' dir='ltr'><strong>E:</strong></span> <span class='ocrx_word' id='word_1_214' title='bbox 169 3277 355 3344; x_wconf 78' lang='lat' dir='ltr'><strong>certamina</strong></span> <span class='ocrx_word' id='word_1_215' title='bbox 369 3275 475 3344; x_wconf 84' lang='lat' dir='ltr'><strong>letalis</strong></span> <span class='ocrx_word' id='word_1_216' title='bbox 488 3276 628 3342; x_wconf 83' lang='lat' dir='ltr'><strong>virorum</strong></span> <span class='ocrx_word' id='word_1_217' title='bbox 675 3282 678 3288; x_wconf 86' lang='lat'>&#39;</span> 
     </span>
     <span class='ocr_line' id='line_1_36' title="bbox 102 3361 1132 3450; baseline 0 -20"><span class='ocrx_word' id='word_1_218' title='bbox 102 3363 276 3430; x_wconf 77' lang='lat' dir='ltr'><strong>Posuisti:</strong></span> <span class='ocrx_word' id='word_1_219' title='bbox 291 3385 481 3431; x_wconf 83' lang='lat' dir='ltr'><strong>coronarum</strong></span> <span class='ocrx_word' id='word_1_220' title='bbox 499 3363 664 3450; x_wconf 69' lang='lat' dir='ltr'><strong>expertia:</strong></span> <span class='ocrx_word' id='word_1_221' title='bbox 685 3373 719 3430; x_wconf 87' lang='lat' dir='ltr'><strong>et</strong></span> <span class='ocrx_word' id='word_1_222' title='bbox 732 3361 882 3428; x_wconf 89' lang='lat' dir='ltr'><strong>abierunt</strong></span> <span class='ocrx_word' id='word_1_223' title='bbox 895 3361 1015 3427; x_wconf 85' lang='lat' dir='ltr'><strong>:nortui</strong></span> <span class='ocrx_word' id='word_1_224' title='bbox 1048 3371 1132 3430; x_wconf 84' lang='lat'><strong>1000</strong></span> 
     </span>
     <span class='ocr_line' id='line_1_37' title="bbox 96 3450 332 3540; baseline -0.013 -23"><span class='ocrx_word' id='word_1_225' title='bbox 96 3450 206 3518; x_wconf 81' lang='lat' dir='ltr'><strong>Iliaci</strong></span> <span class='ocrx_word' id='word_1_226' title='bbox 222 3471 332 3540; x_wconf 83' lang='lat' dir='ltr'><strong>reges:</strong></span> 
     </span>
     <span class='ocr_line' id='line_1_38' title="bbox 95 3533 784 3626; baseline -0.003 -24"><span class='ocrx_word' id='word_1_227' title='bbox 95 3537 231 3624; x_wconf 87' lang='lat' dir='ltr'><strong>Neque</strong></span> <span class='ocrx_word' id='word_1_228' title='bbox 246 3537 383 3624; x_wconf 78' lang='lat' dir='ltr'><strong>amplius</strong></span> <span class='ocrx_word' id='word_1_229' title='bbox 397 3556 525 3602; x_wconf 85' lang='lat' dir='ltr'><strong>ararum</strong></span> <span class='ocrx_word' id='word_1_230' title='bbox 539 3537 623 3626; x_wconf 79' lang='lat' dir='ltr'><strong>ignis</strong></span> <span class='ocrx_word' id='word_1_231' title='bbox 636 3537 669 3601; x_wconf 93' lang='lat' dir='ltr'><strong>in</strong></span> <span class='ocrx_word' id='word_1_232' title='bbox 685 3533 784 3621; x_wconf 88' lang='lat' dir='ltr'><strong>Troja</strong></span> 
     </span>
     <span class='ocr_line' id='line_1_39' title="bbox 92 3619 552 3690; baseline -0.007 -1"><span class='ocrx_word' id='word_1_233' title='bbox 92 3623 183 3689; x_wconf 84' lang='lat' dir='ltr'><strong>Diis</strong></span> <span class='ocrx_word' id='word_1_234' title='bbox 201 3623 293 3689; x_wconf 82' lang='lat' dir='ltr'><strong>lucet</strong></span> <span class='ocrx_word' id='word_1_235' title='bbox 305 3619 442 3690; x_wconf 76' lang='lat' dir='ltr'><strong>odo&#39;rsto</strong></span> <span class='ocrx_word' id='word_1_236' title='bbox 456 3620 552 3688; x_wconf 87' lang='lat' dir='ltr'><strong>sumo.</strong></span> 
     </span>
     <span class='ocr_line' id='line_1_40' title="bbox 89 3707 1125 3797; baseline -0.006 -21"><span class='ocrx_word' id='word_1_237' title='bbox 89 3707 215 3776; x_wconf 88' lang='lat' dir='ltr'><strong>Periit</strong></span> <span class='ocrx_word' id='word_1_238' title='bbox 231 3724 339 3775; x_wconf 86' lang='lat' dir='ltr'><strong>autem</strong></span> <span class='ocrx_word' id='word_1_239' title='bbox 357 3707 485 3776; x_wconf 81' lang='lat' dir='ltr'><strong>Atrides</strong></span> <span class='ocrx_word' id='word_1_240' title='bbox 498 3707 642 3797; x_wconf 80' lang='lat' dir='ltr'><strong>conjugis</strong></span> <span class='ocrx_word' id='word_1_241' title='bbox 657 3708 819 3772; x_wconf 85' lang='lat' dir='ltr'><strong>manibus:</strong></span> <span class='ocrx_word' id='word_1_242' title='bbox 994 3710 1063 3792; x_wconf 81' lang='lat' dir='ltr'><strong>(atr.</strong></span> <span class='ocrx_word' id='word_1_243' title='bbox 1079 3711 1125 3789; x_wconf 76' lang='lat'><strong>2.)</strong></span> 
     </span>
     <span class='ocr_line' id='line_1_41' title="bbox 85 3795 846 3884; baseline -0.008 -22"><span class='ocrx_word' id='word_1_244' title='bbox 85 3797 258 3882; x_wconf 85' lang='lat' dir='ltr'><strong>Ipsaque</strong></span> <span class='ocrx_word' id='word_1_245' title='bbox 271 3795 507 3884; x_wconf 78' lang='lat' dir='ltr'><strong>generationem</strong></span> <span class='ocrx_word' id='word_1_246' title='bbox 522 3807 720 3862; x_wconf 87' lang='lat' dir='ltr'><strong>commutans</strong></span> <span class='ocrx_word' id='word_1_247' title='bbox 734 3805 846 3870; x_wconf 88' lang='lat' dir='ltr'><strong>morte,</strong></span> 
     </span>
     <span class='ocr_line' id='line_1_42' title="bbox 83 3881 940 3948; baseline -0.006 0"><span class='ocrx_word' id='word_1_248' title='bbox 83 3885 122 3948; x_wconf 78' lang='lat' dir='ltr'>A</span> <span class='ocrx_word' id='word_1_249' title='bbox 143 3881 272 3948; x_wconf 87' lang='lat' dir='ltr'><strong>liberis</strong></span> <span class='ocrx_word' id='word_1_250' title='bbox 285 3881 438 3948; x_wconf 81' lang='lat' dir='ltr'><strong>decessit:</strong></span> <span class='ocrx_word' id='word_1_251' title='bbox 937 3901 940 3908; x_wconf 93' lang='lat'>·</span> 
     </span>
     <span class='ocr_line' id='line_1_43' title="bbox 78 3965 687 4045; baseline -0.005 -11"><span class='ocrx_word' id='word_1_252' title='bbox 78 3967 180 4045; x_wconf 84' lang='lat' dir='ltr'><strong>Dei,</strong></span> <span class='ocrx_word' id='word_1_253' title='bbox 200 3965 275 4034; x_wconf 89' lang='lat' dir='ltr'><strong>Dei</strong></span> <span class='ocrx_word' id='word_1_254' title='bbox 289 3991 357 4034; x_wconf 80' lang='lat' dir='ltr'><strong>esna</strong></span> <span class='ocrx_word' id='word_1_255' title='bbox 373 3968 486 4034; x_wconf 83' lang='lat' dir='ltr'><strong>evertit</strong></span> <span class='ocrx_word' id='word_1_256' title='bbox 500 3965 687 4034; x_wconf 84' lang='lat' dir='ltr'><strong>mandatum</strong></span> 
     </span>
     <span class='ocr_line' id='line_1_44' title="bbox 78 4053 518 4121; baseline -0.002 -1"><span class='ocrx_word' id='word_1_257' title='bbox 78 4053 301 4121; x_wconf 81' lang='lat' dir='ltr'><strong>Fatidicum</strong></span> <span class='ocrx_word' id='word_1_258' title='bbox 316 4067 348 4121; x_wconf 88' lang='lat' dir='ltr'><strong>et</strong></span> <span class='ocrx_word' id='word_1_259' title='bbox 361 4054 415 4120; x_wconf 86' lang='lat' dir='ltr'><strong>ssle</strong></span> <span class='ocrx_word' id='word_1_260' title='bbox 430 4073 518 4120; x_wconf 88' lang='lat' dir='ltr'><strong>nunc</strong></span> 
     </span>
     <span class='ocr_line' id='line_1_45' title="bbox 69 4139 388 4230; baseline 0.003 -23"><span class='ocrx_word' id='word_1_261' title='bbox 69 4141 205 4230; x_wconf 75' lang='lat' dir='ltr'><strong>Argis</strong></span> <span class='ocrx_word' id='word_1_262' title='bbox 222 4139 388 4228; x_wconf 83' lang='lat' dir='ltr'><strong>profectus</strong></span> 
     </span>
     <span class='ocr_line' id='line_1_46' title="bbox 65 4228 1125 4316; baseline -0.004 -24"><span class='ocrx_word' id='word_1_263' title='bbox 65 4229 392 4316; x_wconf 81' lang='lat' dir='ltr'><strong>Agamemnonius</strong></span> <span class='ocrx_word' id='word_1_264' title='bbox 406 4228 490 4294; x_wconf 82' lang='lat' dir='ltr'><strong>filius</strong></span> <span class='ocrx_word' id='word_1_265' title='bbox 828 4241 833 4252; x_wconf 85' lang='lat'><strong>·</strong></span> <span class='ocrx_word' id='word_1_266' title='bbox 1043 4229 1125 4288; x_wconf 72' lang='lat'>1010</span> 
     </span>
     <span class='ocr_line' id='line_1_47' title="bbox 62 4309 963 4404; baseline -0.01 -24"><span class='ocrx_word' id='word_1_267' title='bbox 62 4311 284 4382; x_wconf 75' lang='lat' dir='ltr'><strong>Inacoeasa</strong></span> <span class='ocrx_word' id='word_1_268' title='bbox 298 4315 479 4404; x_wconf 77' lang='lat' dir='ltr'><strong>ingrediens</strong></span> <span class='ocrx_word' id='word_1_269' title='bbox 494 4311 623 4398; x_wconf 86' lang='lat' dir='ltr'><strong>templa,</strong></span> <span class='ocrx_word' id='word_1_270' title='bbox 639 4313 749 4385; x_wconf 84' lang='lat' dir='ltr'><strong>matris</strong></span> <span class='ocrx_word' id='word_1_271' title='bbox 764 4309 963 4378; x_wconf 84' lang='lat' dir='ltr'><strong>interfector:</strong></span> 
     </span>
     <span class='ocr_line' id='line_1_48' title="bbox 549 4409 607 4465; baseline 0.017 -1"><span class='ocrx_word' id='word_1_272' title='bbox 549 4419 571 4464; x_wconf 77' lang='lat'><strong>1:</strong></span> <span class='ocrx_word' id='word_1_273' title='bbox 587 4409 607 4465; x_wconf 76' lang='lat'><em>3</em></span> 
     </span>
    </p>
   </div>
   <div class='ocr_carea' id='block_1_3' title="bbox 0 0 1402 4862">
    <p class='ocr_par' dir='ltr' id='par_1_3' title="bbox 0 0 1402 4862">
     <span class='ocr_line' id='line_1_49' title="bbox 0 0 1402 4862; baseline 0 9"><span class='ocrx_word' id='word_1_274' title='bbox 0 0 1402 4862; x_wconf 95' lang='lat' dir='ltr'><strong> </strong></span> 
     </span>
    </p>
   </div>
  </div>
 </body>
</html>
