2828 4864
238 196 299 260 170
621 181 950 251 EURIPIDIS
1033 201 1039 212 ·
1088 215 1094 220 ·

324 364 392 430 Cur
405 365 514 464 utique
526 371 610 428 arten
623 361 751 448 qrridem
765 371 929 427 eexoentaa
941 359 1064 428 docetie

323 449 367 514 Et
380 471 488 515 omma
500 447 726 514 machinamini
741 461 772 512 et
786 444 996 532 excogitatis?

324 535 434 603 Unum
449 557 524 600 vero
538 555 603 600 non
617 535 713 610 scitis,
728 554 829 621 neque
843 533 1032 618 quesivistis
1045 531 1161 610 adhuc,

327 621 376 689 Ut
390 644 499 706 sapere
512 620 650 686 doceatis
664 620 739 698 illoc,
755 617 873 710 quibua
888 639 954 684 oon
968 619 1050 685 ineat
1064 623 1175 684 meur?

238 730 310 775 uir.
323 708 466 776 Peritum
489 707 650 793 sapientior
678 706 840 772 doctorem
862 704 990 790 dixisti,
1018 705 1211 793 quumque
1245 722 1347 774 recte

326 816 570 966 Noniiiriiirtee
584 879 667 964 potin
680 890 872 961 cotoogerer
1093 965 1101 978 ι

325 967 497 1032 Sed-uon
516 977 698 1051 opportuno
720 964 806 1028 enim
828 979 972 1048 tempore
995 963 1151 1030 subtiliter
1173 965 1347 1052 dlaputas,

452 1065 544 1118 ter-
1268 1063 1351 1122 990

326 1075 496 1206 Merubnne
510 1153 565 1204 tua
578 1137 688 1225 lingue
700 1135 834 1224 excedat
847 1135 978 1201 modum
993 1157 1063 1221 proe
1076 1137 1176 1204 malie.

238 1247 317 1292 run.
327 1226 416 1306 Heu,
430 1223 596 1311 oportebat
609 1221 790 1288 homiuibus
805 1235 912 1288 nomm
927 1223 1101 1292 aroioorum

326 1310 529 1378 Manifestum
543 1310 682 1396 aliquam
695 1331 772 1385 eane,
787 1321 819 1376 et
832 1307 1093 1395 dijudicationem
1107 1312 1235 1390 mentia,

325 1399 481 1477 Quisnam
495 1419 587 1462 verus
599 1396 641 1461 sit
655 1397 770 1480 etquis
784 1417 849 1460 non
863 1417 951 1462 oerur
963 1395 1100 1460 amicae:

328 1484 371 1550 Et
385 1505 494 1548 omues
508 1482 651 1547 hominen
665 1480 824 1567 duplicem
839 1503 948 1547 vocem
964 1480 1090 1562 babere,

325 1570 435 1638 Unam
449 1568 576 1656 quidem
591 1587 742 1644 veraoem,
758 1567 888 1634 alterurn
903 1589 978 1634 vero
992 1567 1256 1655 qualemcunque,

326 1655 376 1723 Ut
389 1678 462 1743 que
476 1656 629 1744 cogitaret
645 1655 760 1740 injusta
774 1667 962 1804 argueretur
1068 1693 1073 1700 ·

326 1747 358 1809 A
366 1745 463 1832 jueta,
479 1755 511 1808 et
525 1756 592 1808 tum
607 1741 790 1826 neutiquam
828 1741 1033 1825 cciperemur.

241 1850 312 1896 ure.
324 1831 378 1896 An
393 1851 469 1895 vero
483 1827 567 1914 apud
583 1841 652 1894 tuae
666 1849 757 1892 auree
770 1826 883 1914 aliquis
891 1847 949 1896 me
962 1827 1171 1892 calumniatos
1183 1839 1234 1892 eat

328 1916 377 1984 Ex
391 1916 507 2068 efficio,
523 1915 703 2066 lpaboramue
716 1927 833 1991 eutem,
848 1934 944 2000 quam
954 1914 1000 1978 via
1015 1912 1095 1980 nulli
1109 1911 1214 1999 ctrlpoe
1229 1915 1346 1983 aimus

465 2024 520 2068 uee
1266 2011 1347 2069 930

328 2089 529 2174 Obstupesoo
542 2087 686 2176 quidem:
711 2108 782 2154 uem
798 2085 1058 2173 perterrefaciunt
1073 2107 1124 2152 me
1138 2099 1195 2156 tua

327 2175 444 2254 Verba,
460 2199 479 2240 a
493 2197 568 2241 sena
581 2187 687 2239 mente
700 2174 890 2240 aberrantia.

240 2260 413 2329 runProb
427 2262 598 2326 humanam
613 2273 761 2338 mentem,
775 2283 840 2346 quo
854 2258 1097 2361 progredietur?

327 2348 409 2426 Quia
422 2347 495 2414 linis
510 2347 693 2412 temeritatis
707 2363 741 2412 et
753 2347 896 2412 audactae
909 2345 994 2412 erit?

328 2436 363 2501 Si
377 2435 461 2500 euim
474 2433 516 2500 ad
529 2432 707 2498 seculorum
722 2433 876 2501 rodonem
890 2447 1048 2522 augescen

327 2519 371 2587 Et
385 2521 540 2607 posterior
553 2520 662 2606 priore
675 2519 770 2608 longe

327 2608 478 2676 Deterior
492 2609 541 2685 eit,
557 2605 633 2672 deos
647 2605 780 2692 adjicere
794 2620 889 2672 terrie

327 2694 496 2780 Oportebit
509 2693 603 2758 alium
618 2705 747 2770 terram,
762 2715 835 2780 qore
849 2694 954 2779 capiat

327 2781 393 2848 an
406 2781 462 2869 qui
477 2803 540 2846 uon
556 2790 632 2844 suut
668 2778 739 2845 robi
753 2791 785 2845 et
799 2781 937 2846 innocui.

327 2867 498 2934 Intuemini
514 2888 589 2931 vero
602 2867 635 2931 iu
645 2801 748 2948 buno,
762 2867 819 2952 qui
833 2888 906 2932 cum
920 2888 961 2930 ex
979 2887 1029 2929 ure
1043 2877 1137 2932 natue
1151 2867 1207 2948 sit,
1270 2879 1353 2938 940

307 2969 310 2974 '
327 2953 444 3020 Polluit
456 2975 562 3018 meum
577 2951 761 3030 thalamum,
776 2965 808 3018 et
821 2952 1018 3018 convincitur

326 3043 358 3105 A
372 3053 498 3104 mortun
511 3039 683 3117 manifeste,
700 3039 785 3126 quod
799 3037 894 3104 fuerit
907 3037 1179 3126 flagitiosissimus.

327 3125 468 3192 Ostende
482 3127 588 3212 igitur,
603 3124 860 3213 quondoquidem
874 3125 906 3190 iu
922 3123 1083 3211 piaculum
1097 3125 1222 3204 veniali,

327 3211 434 3278 Tuam
448 3209 558 3278 faciem
573 3210 626 3278 bic
640 3234 748 3277 coram
762 3225 863 3298 petre.

327 3297 380 3363 Tu
395 3297 493 3386 igitur
506 3319 579 3362 oum
592 3297 662 3375 diis.
679 3312 830 3385 tanquam
844 3296 999 3364 excellent
1013 3297 1062 3361 vir
1075 3299 1227 3376 exlatere.

178 3422 185 3444 .
325 3383 493 3450 versaris?
514 3403 549 3450 tu
564 3397 667 3486 epatris
681 3407 713 3450 ee
725 3400 758 3450 et
772 3386 974 3486 incorruptus
988 3380 1135 3484 eumelio?

327 3469 1033 3660 Ittlz’tttlll't‘tffitttsstltl

325 3643 398 3710 Jem
434 3643 559 3722 lomere,
570 3658 603 3712 et
615 3667 672 3710 eeu
686 3645 933 3710 inanimatorum

325 3729 388 3798 Ind
421 3753 471 3796 em
486 3752 676 3816 conponere,
691 3729 858 3796 et·bnbeua
871 3730 1057 3818 magistrum
1071 3727 1207 3814 Orphe·
1267 3741 1358 3804 950

327 3815 499 3899 Racebere,
515 3815 686 3884 multorum
701 3816 807 3882 colens
821 3817 924 3882 fumoe
938 3816 1102 3882 librorum.

327 3903 492 3991 Siquidem
506 3903 720 3988 deprehensus
733 3927 777 3970 ea.
821 3901 917 3968 Telos
930 3915 1036 3968 autern
1050 3921 1112 3988 ego

323 3989 487 4056 Omnibua
500 3989 665 4079 fugiendos
679 4013 746 4056 ease
759 4011 891 4056 moneo:
915 3999 1068 4054 venentur
1081 3989 1170 4058 enim

325 4075 510 4164 Magnificie
524 4077 637 4154 verbio,
654 4077 762 4166 turpia
777 4077 942 4166 agitantes.

327 4161 412 4228 Haeo
425 4176 473 4242 eet
487 4177 611 4230 mortue
619 4188 628 4240 ς
650 4163 716 4230 boc
730 4164 789 4236 tibi
802 4162 894 4228 ueluti
909 4183 974 4226 esre
988 4173 1097 4246 putas:

325 4250 416 4314 Atio
432 4247 494 4316 hoc
509 4249 587 4335 ipeo,
604 4253 634 4316 Ο
649 4251 793 4336 pessime,
808 4261 919 4334 captus
933 4269 976 4315 ea.
