2802 4858
241 174 300 234 iss
467 225 471 234 ,
616 158 1162 232 EURIPIDIS

325 334 430 401 Nimis
443 345 552 398 erecto
565 353 642 398 cure
655 330 777 398 fuciunt
787 352 926 416 semperz
948 331 982 396 iu
997 333 1204 404 cabritum
1214 353 1277 400 teto

326 422 443 506 Lapsa,
461 431 609 505 quantam
624 431 668 495 tu,
685 419 887 503 quomodote
901 409 969 484 dinc
982 417 1262 508 evorummpuru?

328 507 401 584 Sed,
417 507 441 569 si
456 505 554 570 bobes
567 504 659 590 pluro
671 503 755 570 bone
769 525 864 591 quom
879 504 971 582 mals,
1335 513 1338 518 '

328 594 411 657 Cum
426 593 466 654 sis
479 591 586 664 homo,
603 590 753 669 praeclare
767 602 879 676 agatur
893 604 1007 656 tecum.

328 677 401 755 Sed,
418 679 447 740 0
462 677 556 742 charo
570 675 646 756 lilio,
661 675 774 740 malem
789 689 927 740 mentem
940 675 1057 748 hebere
1069 701 1164 757 ceses,

327 765 485 848 Caesaque
512 764 649 828 Venerem
670 760 793 826 officere
813 763 1021 841 contumelio3
1042 787 1107 832 non
1129 765 1210 832 euim
1230 761 1300 832 diod

411 871 505 935 quom
521 847 711 912 contumelia

328 937 408 1001 Haec
422 947 505 1014 sunt,
520 936 712 1018 superiorem
726 933 786 998 diis
800 955 866 1000 esse
880 933 976 1000 vellet

329 1023 465 1088 Fortiter
480 1037 583 1086 outenr
598 1041 739 1084 amorem
752 1019 867 1084 tolera:
889 1019 978 1086 Deus
992 1023 1068 1088 enirn
1082 1022 1180 1090 voluit
1192 1023 1256 1088 hoec
1266 1023 1303 1084 ito

328 1193 493 1261 Loborcns
507 1214 582 1258 vero
596 1192 717 1269 inorbo,
730 1192 875 1256 morbum
889 1191 976 1258 hunc
990 1192 1071 1258 bene
1081 1195 1148 1260 lini.

329 1283 412 1347 Sunt
425 1292 531 1344 autem
546 1279 782 1350 incantationes.
797 1292 828 1340 et
844 1277 972 1344 verbum
988 1277 1170 1348 demulcens

329 1366 512 1432 Invenietur
526 1363 653 1452 aliquod
668 1363 840 1429 remedium
856 1364 958 1430 morbi
974 1365 1076 1450 hujus.
1237 1373 1306 1430 '480

330 1450 477 1518 Profecto
491 1450 575 1514 enim
590 1472 659 1513 sero
674 1449 787 1532 aliquid
802 1448 860 1512 viri
874 1450 1045 1530 invenient,

330 1539 437 1606 Sinos
451 1535 596 1600 mulieres
609 1535 710 1600 nullas
724 1549 806 1600 ortes
821 1536 1024 1604 inveniemus.

244 1623 474 1700 cuoPhaedro,
491 1622 559 1688 haec
573 1622 699 1708 quidem
714 1622 791 1686 dicit
806 1621 933 1687 utiliore

323 1711 376 1778 Ad
391 1719 577 1796 presentem
592 1707 811 1784 calamitatem,
826 1706 923 1773 leudo
937 1730 1011 1774 sero
1024 1723 1065 1776 te.

331 1797 395 1864 Sed
409 1797 478 1862 haec
492 1795 560 1860 leus
573 1805 617 1860 ert
631 1793 769 1860 odiosior
784 1793 886 1860 verbis

332 1883 438 1969 Hujus
452 1895 483 1946 et
496 1881 556 1946 tibi
570 1880 663 1966 longe
677 1879 837 1946 molestior
850 1879 970 1946 auditu

245 1970 409 2038 rumfloe
423 1981 469 2032 est
483 1967 567 2053 quod
583 1965 664 2030 bene
678 1967 861 2031 constitutos
874 1965 1038 2032 hominum
1053 1967 1193 2034 civitstoe

184 2051 186 2056 ’
331 2056 374 2120 Εῑ
387 2052 520 2118 familias
535 2053 653 2128 evertit,
667 2051 760 2116 nimis
774 2051 899 2138 pulchri
913 2073 1083 2126 sermones.

332 2141 406 2204 Non
423 2139 504 2204 enim
521 2149 647 2222 oportet
659 2137 764 2202 dicere
772 2137 913 2224 jucundo
927 2138 1065 2216 auribus,

333 2225 395 2292 Sed
411 2224 454 2302 id,
470 2247 508 2289 ex
523 2247 586 2312 quo
598 2223 754 2311 gloriosus
767 2225 837 2309 quis
851 2223 975 2289 evadet.
1262 2231 1315 2288 490

247 2332 324 2380 rtur.
333 2310 423 2389 Quid
437 2313 514 2374 odeo
528 2309 693 2396 magnifice
707 2308 867 2396 loqueris?
889 2331 955 2374 uon
969 2309 1072 2374 verbis
1090 2311 1236 2396 speciosis

333 2400 425 2484 Opus
438 2409 487 2460 est
501 2395 568 2472 tibi,
585 2394 640 2460 sed
654 2395 732 2459 viro.
763 2395 916 2460 Celeriter
929 2395 1170 2481 dispiciendum,

334 2485 470 2548 Rectum
484 2481 526 2548 de
539 2496 571 2546 te
584 2503 761 2546 sermonem
775 2482 985 2548 enuntiantes.

333 2569 405 2636 Nisi
418 2568 502 2634 enim
517 2583 572 2632 tuo
586 2567 650 2631 vito
663 2567 697 2632 iu
710 2567 939 2633 celemitetibus
953 2581 1087 2634 verteret

334 2655 456 2732 Tantis,
471 2667 504 2719 et
515 2655 541 2720 si
554 2675 635 2718 esses
650 2653 810 2738 impudice
825 2651 946 2731 mulier,

333 2744 507 2827 Nunquam
524 2752 652 2825 propter
665 2739 783 2804 lectum
796 2753 828 2804 et
842 2739 1032 2824 voluptatem
1048 2754 1148 2819 tuam,

335 2828 412 2892 Huc
426 2842 458 2891 te
472 2826 675 2890 adhortarer:
698 2847 785 2890 nunc
798 2847 873 2890 vero
886 2839 933 2890 est
947 2848 1098 2926 magnum
1110 2841 1266 2894 conamen

336 2913 384 2978 Ut
396 2935 514 2978 servem
531 2913 626 2977 vitain
642 2927 738 2987 tuom,
755 2933 795 2974 no
819 2933 858 2976 ue
874 2913 933 2976 lroc
947 2914 1072 2978 invidiae
1086 2924 1132 2978 ert
1148 2914 1322 2980 obnoxium.

249 2999 372 3065 enno
386 2999 504 3064 atrocia
516 2999 631 3074 locuto,
647 3019 712 3062 non
727 2935 853 3062 claudes
868 3021 913 3074 os,

335 3084 378 3148 Et
392 3105 457 3148 non
472 3084 545 3148 edes
557 3085 672 3149 iterum
687 3083 883 3168 turpissimos
897 3088 1076 3150 sermones?
1270 3096 1327 3154 500

250 3171 550 3318 nur.Sunthquidem
570 3171 633 3235 haeo
655 3171 769 3256 turpio,
793 3169 847 3234 sed
869 3169 998 3236 meliora
1020 3185 1126 3236 tomen
1149 3173 1218 3251 tibi,
1240 3195 1326 3259 quarn

444 3271 562 3320 onesta.

337 3339 455 3406 Melior
469 3342 552 3405 enim
569 3343 623 3406 erit
637 3363 695 3419 res,
711 3342 737 3404 si
752 3339 847 3406 modo
862 3355 893 3406 te
907 3343 1046 3419 servarit,
1145 3353 1158 3376 '

337 3425 444 3503 Quam
459 3427 536 3491 illud
552 3449 678 3506 nomen,
694 3449 758 3512 quo
773 3442 807 3491 tu
821 3429 1005 3512 superbiens
1019 3431 1171 3496 morieris.

252 3513 393 3578 rnmNe
407 3535 464 3598 per
479 3512 567 3576 Deos
582 3513 675 3597 (bene
689 3515 773 3578 enim
787 3513 876 3590 dicis,
892 3514 946 3578 sed
961 3530 1013 3578 tur
1036 3516 1081 3596 ie)

340 3597 437 3664 Ultro
449 3599 518 3662 baeo
533 3599 759 3685 progredieris3
783 3599 867 3684 quod
882 3615 965 3666 recte
981 3537 1166 3688 suljecerim

244 3713 247 3720 ·
337 3685 486 3833 Aniupienr
516 3685 725 3784 prudentibus
749 3685 888 3762 monitis,
916 3686 943 3750 si
972 3708 1049 3752 vero
1075 3688 1181 3772 turpio
1208 3688 1333 3774 pulchre

445 3792 540 3834 rxenr

339 3853 377 3916 In
393 3854 436 3931 id,
452 3815 641 3956 quod'l'ugio
656 3877 751 3932 nunc,
767 3855 894 3942 delapso
907 3859 1016 3939 peribo.

252 3937 561 4089 densiquidemdita
575 3943 632 4007 tibi
648 3941 781 4022 videtur,
797 3953 860 4006 esto
874 3945 1014 4028 oportuit
1028 3943 1158 4029 quidem
1169 3957 1201 4012 te
1210 3967 1272 4012 non
1284 3967 1337 4030 spe

422 4045 490 4089 exer
514 4048 582 4102 ere;

340 4107 374 4173 Si
390 4114 561 4258 tornerplioc
575 4113 739 4188 decrevisti,
756 4133 829 4196 pore
843 4113 938 4180 mihi:
961 4115 1101 4182 secunda
1113 4118 1200 4184 euim
1213 4129 1258 4184 est
1272 4115 1338 4181 haec

423 4214 480 4280 gru
494 4215 534 4260 ro.
