2888 4856
638 227 962 298 EURIPIDIS

344 405 512 491 Mycenaeo
527 403 672 470 isbossns
687 415 833 491 tyranno,

345 491 388 556 Et
401 489 442 555 cd
458 487 619 556 Peliacum
635 489 723 558 littus

346 577 568 662 Anaurijuxts
586 579 682 640 ostias

346 665 490 749 Cycnum
505 661 924 746 hospitum-interfectorem.

345 752 430 814 Arcu
445 748 593 834 perdidit,
610 748 753 834 Ampha-

345 858 424 900 naess
441 835 647 900 habitatorem
662 834 901 920 inhospitalem:
1284 852 1346 910 390
1434 839 1435 844 ’

306 981 309 986 Α
346 921 390 986 Et
404 923 447 985 ud
460 921 578 1004 puellas
593 921 723 984 musicas
1205 933 1285 1013 (am,
1301 932 1345 1010 ε.)

344 1007 440 1072 Venit
455 1008 486 1070 in
502 1007 604 1072 aulam
623 1007 679 1070 He
736 1007 826 1083 riam,
1434 987 1435 1080 J

346 1094 460 1158 Aurcis
474 1116 492 1157 a
507 1092 587 1158 foliis
601 1029 789 1177 pomiiriium

347 1181 499 1246 Fructum
514 1201 607 1244 manu
623 1178 836 1263 dcccrpturus,
1038 1246 1042 1255 ,

264 1307 267 1318 ·
344 1265 493 1332 Dracone
508 1263 939 1352 rubrum-babeamtergum
955 1267 1010 1352 qui

346 1352 543 1416 Inacoessum
559 1350 804 1415 circumvolutus
818 1352 979 1418 surculum
995 1352 1150 1430 servslrst,

344 1436 530 1503 Interfecto:
554 1437 754 1522 oequoreiqne
767 1437 862 1521 maris

346 1525 439 1588 Sinus
452 1523 611 1604 ingressus
625 1535 680 1598 est,
697 1522 881 1587 mortalibus

345 1607 620 1696 Tranquillitatcm
630 1607 746 1672 sncicns
761 1610 870 1672 remis:

346 1695 492 1781 Coelique
505 1694 563 1759 sub
579 1693 712 1758 mediam

346 1781 458 1847 Sedens
474 1780 613 1844 immittit
625 1802 746 1860 manus,

346 1867 483 1933 Atlantis
497 1865 627 1932 domum
644 1867 810 1931 accedens:

348 1953 555 2038 Steliatasque
570 1953 716 2018 sustinuit
726 1953 783 2016 do·

345 2062 416 2106 mos
430 2039 561 2104 deorum
577 2039 906 2104 fortitudineeximis:

346 2127 390 2192 Et
403 2128 447 2190 cd
460 2127 634 2189 exercitum
650 2137 827 2210 equestrem
839 2129 1032 2194 Amazonum
1212 2133 1280 2214 (sir.
1297 2132 1342 2210 8.)

329 2269 332 2278 ,
347 2213 441 2278 Circa
456 2210 602 2278 Maentim
618 2210 947 2277 fluviis-adundantem

347 2300 410 2365 Irit
424 2320 480 2382 per
494 2297 607 2362 fluctus
623 2297 766 2362 Euxinus
780 2298 887 2374 maris,

348 2384 467 2466 (Quem
484 2405 547 2447 non
564 2405 604 2446 cs
620 2383 747 2448 Graecia

346 2471 477 2536 Coetum
491 2469 664 2534 amicorum
679 2467 867 2556 colligensi)

345 2557 388 2623 Et
404 2555 523 2621 Pueliae
538 2555 664 2619 Martiae
678 2554 824 2620 sustinuit

345 2642 605 2708 Auro-intextum
619 2641 760 2726 pallium,

347 2729 448 2795 Baltei
463 2742 588 2812 raptum
603 2726 772 2792 exitialem.

345 2815 470 2880 Graecis
485 2835 559 2878 vero
573 2814 693 2898 accepit
707 2812 824 2898 inclyte
839 2811 951 2896 puellae
965 2811 1109 2878 burbsrre

345 2901 463 2987 Spolia,
480 2913 512 2964 ct
525 2909 690 2964 servantur
706 2897 861 2986 Mycenis.

343 2987 388 3053 Et
406 2984 872 3071 innumera-espits-hsbentem

345 3073 465 3139 Cenem
484 3071 596 3136 Lerna
612 3072 666 3157 qui
682 3071 796 3136 multos
811 3067 963 3134 interfecit

346 3159 493 3246 Hydram
510 3159 577 3244 igni
590 3157 704 3244 delevit

344 3246 388 3311 Et
401 3246 473 3310 telis
484 3243 700 3321 circumdedit,

343 3332 569 3414 Tricorporem
586 3329 698 3414 quibus
712 3351 765 3393 oc·

342 3417 421 3483 cidit
434 3429 590 3503 pastorem
605 3414 774 3565 Erythram.
1278 3427 1343 3486 490

344 3504 502 3569 Cursuum
518 3504 611 3568 etism
627 3507 758 3567 ciorum
774 3500 907 3586 pramis
920 3498 1023 3564 felicis
1199 3509 1278 3588 (nst.
1294 3507 1342 3588 s.)

343 3590 483 3656 Partitur
498 3600 559 3654 est:
583 3589 792 3675 lacrymosum
808 3597 904 3650 cutem

342 3675 396 3740 Ad
414 3676 579 3740 Plutonem
595 3677 763 3763 navigavit,
778 3671 922 3739 laborum
938 3671 1044 3749 finem,

343 3760 410 3827 Ubi
427 3762 519 3826 miser
536 3761 603 3824 finit

341 3847 460 3923 Vitam,
477 3869 534 3910 nec
549 3849 621 3910 inde
637 3845 741 3911 rediit.

341 3933 468 3998 Domus
483 3945 586 3998 autem
602 3933 669 3998 sine
682 3931 789 3996 amicis
803 3940 855 4006 est,

342 4019 442 4084 Hunc
453 4041 528 4084 vero
542 4017 727 4083 sine-reditu
740 4016 912 4080 liberorum

341 4104 513 4170 Charonds
527 4118 671 4191 expectat
684 4102 800 4190 cymbs

340 4189 478 4256 Cursum
493 4192 565 4255 ritoe
581 4193 623 4254 im
647 4192 720 4268 ism,
735 4189 865 4274 injusta:
888 4187 921 4250 in
936 4207 1021 4252 mess
1035 4208 1111 4253 sero

338 4275 458 4340 Munus
474 4277 599 4360 respicit
634 4296 725 4340 omus
738 4295 803 4337 non
818 4275 990 4358 presentis.
1274 4285 1343 4345 eso
