2862 4864
259 219 323 280 362
356 237 359 248 ·
402 208 645 278 EURIPIDIS
667 209 921 278 IPHIGENIA
944 211 995 278 IN
1017 213 1208 286 TAURIS.

346 381 558 448 Monumenta
572 379 630 447 tibi
644 393 765 465 ponent
778 393 865 448 textu
878 381 1014 466 pulchro
1027 388 1170 467 suntne,

343 467 428 546 Quae
443 469 588 534 mulieres
602 469 635 532 in
651 481 743 554 partu
757 469 895 536 animam
909 484 1038 558 agentes
1261 487 1347 546 1430

344 555 539 643 Reliqueriut
563 555 596 619 iu
623 553 756 620 adibus.
800 553 874 622 Has
898 570 1003 624 autern
1030 571 1068 624 ut
1088 561 1203 628 educas
1225 585 1266 630 ex
1290 568 1347 630 loc

429 655 514 706 terra

343 728 494 793 Mulieres
508 729 638 793 Graeoas
652 727 707 792 tibi
720 726 838 794 maudo

342 813 395 880 Ob
410 815 600 900 probitatem
613 835 734 894 earum,
750 813 1006 900 quandoquidem
1021 827 1053 882 te
1065 819 1184 884 servam

343 899 448 966 Etiam
464 903 554 987 prius
568 901 602 965 In
618 899 740 966 Martio
754 923 837 988 pago
851 901 943 985 paria
955 901 1104 988 suffragia

348 988 469 1052 Vincere
481 1000 629 1065 statuens,
646 986 678 1052 Ο
693 988 831 1064 Orestes,
845 1001 879 1052 et
891 987 1003 1056 eadem
1016 989 1097 1078 Iege,

344 1072 391 1141 Ut
404 1075 519 1150 vincat,
534 1073 676 1160 quisquis
690 1073 780 1157 paria
794 1071 944 1162 suffragia
956 1073 1109 1142 habuerit.

342 1161 560 1237 Quamobrem
574 1161 655 1226 educ
668 1175 755 1225 tuam
769 1182 911 1226 sororem
924 1183 943 1226 e
956 1175 1051 1238 terre,

341 1246 374 1313 0
387 1246 434 1312 fili
554 1246 708 1323 emnonia,
723 1259 756 1312 et
770 1262 805 1312 tu
820 1269 861 1312 ne
873 1247 1026 1324 irascaris,
1043 1247 1161 1316 moa.

286 1327 313 1398 '.
344 1247 641 1418 Regiuiidiiierva,
657 1331 788 1398 deornm
803 1336 970 1418 praecptis

340 1419 491 1505 Quisquis
505 1441 543 1484 cu
556 1418 698 1499 audiena,
712 1441 777 1483 uon
814 1431 891 1498 aret,
906 1423 930 1486 ir
945 1441 1011 1486 ιιοιι
1025 1433 1110 1487 recte
1122 1422 1229 1492 sentit.
1256 1434 1342 1492 1440

340 1505 413 1655 Ego
427 1506 525 1594 igitur
539 1505 656 1582 Oresti,
672 1505 731 1572 etsi
746 1528 765 1569 a
817 1528 890 1572 rens
905 1519 1042 1572 statuam
1056 1509 1124 1574 dcte

341 1591 371 1658 A
394 1592 440 1669 iit,
456 1606 487 1657 ct
501 1591 566 1677 ejus
579 1593 692 1669 sorori,
708 1613 772 1655 non
787 1593 924 1656 irascor:
945 1592 1022 1680 quid
1038 1594 1120 1660 eninr

339 1676 501 1743 Adversus
515 1691 658 1764 potentes
672 1679 763 1743 Deos
776 1677 1023 1746 certare-decet?

340 1763 427 1829 Eant
439 1786 514 1829 eum
527 1777 631 1830 statua
641 1765 711 1828 deae
725 1765 757 1828 in
773 1777 860 1830 tuam

338 1849 484 1929 Terram,
500 1865 532 1916 et
546 1850 677 1916 feliciter
691 1864 824 1916 statuam
838 1851 880 1916 idi
894 1851 1058 1918 collocent.

338 1935 470 2002 Mittam
486 1960 560 2004 vero
573 1950 605 2002 et
619 1937 676 2002 has
690 1937 724 2002 in
739 1936 899 2004 Graeciam
916 1937 1036 2004 besum

338 2021 502 2101 Mulieres,
517 2023 784 2111 quemadmodum
801 2023 930 2091 mandat
945 2039 999 2090 tua
1013 2047 1084 2104 vox,

338 2109 382 2176 Et
395 2109 538 2210 retinebo
551 2111 738 2190 exercitum,
754 2133 847 2196 quem
869 2132 956 2176 eram
973 2112 1125 2178 missurus
1138 2124 1252 2178 conca
1265 2112 1340 2180 hoa·

444 2210 515 2275 rtea,

337 2281 381 2347 Et
407 2220 536 2432 alleluiam
564 2304 678 2360 remos,
709 2284 778 2348 lraec
805 2283 1070 2370 quemadmodum
1098 2285 1166 2363 tibi,
1194 2285 1227 2352 0
1253 2286 1338 2368 Dea,

422 2391 444 2453 p
457 2381 557 2434 aoeut.

189 2439 200 2456 ”
249 2455 466 2524 urmLeudos
488 2476 564 2520 nam
578 2467 610 2520 et
624 2469 664 2530 te,
679 2467 712 2519 et
728 2453 816 2520 Deua
829 2455 930 2522 latum
945 2456 1050 2522 vincit.
1253 2469 1337 2526 1450

335 2541 395 2620 Ite,
411 2542 445 2609 0
459 2563 556 2619 aura,
572 2541 767 2606 navi-duoite
777 2543 1028 2631 Agamemnonis

334 2629 451 2696 Filium
466 2627 627 2694 Athenas=
648 2627 823 2694 comitabor
837 2643 941 2696 autem
955 2631 1033 2713 ipsos
1048 2644 1079 2696 et
1093 2654 1163 2718 ego,

335 2719 472 2782 Serrana
487 2737 566 2782 meae
580 2716 697 2780 sororia
711 2715 922 2781 venerandam
936 2729 1082 2783 statuam.

247 2803 382 2872 cao.Ite
394 2801 535 2881 feliciter,
548 2817 681 2888 propter
694 2817 847 2868 serratam

334 2891 508 2956 Fortunam
521 2889 649 2956 beati-

333 2977 389 3054 At,
406 2973 640 3052 Oveneranda,
656 2987 688 3040 et
701 2975 784 3039 inter
799 2971 1003 3042 immortalet'

333 3063 376 3128 Et
390 3063 473 3128 iuter
486 3061 644 3140 mortales,
663 3061 766 3126 Pallas
781 3060 939 3141 Minerva

332 3147 495 3214 Faciemua
510 3150 564 3226 ita,
580 3161 616 3213 ut
629 3163 663 3214 tu
674 3147 785 3233 jubeas

336 3235 514 3302 Admodum
529 3235 614 3300 enlm
623 3233 802 3321 jucundum
815 3245 848 3299 et
862 3236 1054 3320 insperatum

331 3322 493 3387 Nuncium
507 3320 636 3386 auribus
645 3321 764 3408 accepi.
1251 3335 1337 3394 1460

331 3407 379 3492 (0
392 3407 484 3474 valde
497 3407 676 3474 veneranda
690 3407 844 3484 Victoria,
859 3428 962 3474 meam

332 3495 437 3560 Vitam
449 3518 564 3580 semper
574 3516 722 3581 occupes,

331 3584 400 3649 Neo
414 3603 545 3670 anquam
558 3581 683 3650 desinas
697 3601 766 3648 eom
782 3583 960 3660 coronare.)
