2854 4866
271 219 335 277 260
659 207 963 277 EURIPIDIS

358 388 452 452 Vates
468 385 645 472 praedicunt
658 397 690 450 et
704 407 745 449 ex
760 385 878 451 avibus.

359 473 475 540 Nonne
489 474 587 562 igitur
599 470 727 558 superbi
741 495 859 550 sumus,
875 493 948 538 cum
959 470 1049 538 Deus
1062 485 1253 561 apparatum
1267 476 1339 541 vite

359 559 494 626 Dederit
508 558 614 636 talem,
629 557 744 645 quibus
759 558 828 622 haec
842 581 907 623 non
922 559 1101 625 sufficiant?

361 645 425 712 Sed
439 645 563 710 animus
577 656 677 708 noster
690 644 762 730 plus
776 667 868 731 posse
882 667 980 731 quam
994 645 1084 711 Deus

358 732 497 809 Quaerit,
512 729 627 796 fastum
641 745 746 795 autem
763 731 921 797 mantibus
941 731 1102 812 habentes,

358 818 549 882 videremur
561 836 629 881 esse
643 818 849 902 sapientiores
864 819 933 882 diis.

358 904 473 981 Quos
494 925 627 968 numero
647 915 683 967 tu
698 925 835 990 quoque,
850 903 964 969 videris
985 925 1050 970 esse
1070 927 1134 970 non
1157 907 1283 992 sapiens
1303 929 1361 972 ex·

444 990 557 1053 istens:

223 1095 226 1102 ·
359 1075 427 1152 Qui
442 1075 531 1152 filias,
547 1073 680 1140 oraculis
697 1075 812 1140 Phoebi
827 1077 1024 1155 constrictus,

359 1165 413 1227 Sic
427 1162 541 1226 dedisti
555 1163 738 1250 peregrinis,
755 1175 791 1226 ut
806 1163 1046 1229 vaticinantibus
1061 1165 1129 1242 diis,
1297 1172 1361 1229 220

360 1247 500 1314 Miscens
514 1265 619 1312 autem
634 1248 831 1333 splendidam
847 1249 995 1315 familiam
1011 1263 1096 1315 tuam
1113 1250 1258 1337 pollutae,

358 1333 537 1399 Vulnerasti
551 1333 681 1398 domest
704 1347 833 1418 oportet
847 1336 931 1401 enim
947 1359 1048 1422 neque
1061 1359 1196 1424 corpora

361 1421 481 1507 Injusta
488 1422 582 1507 justis
599 1422 730 1484 miscere
738 1423 872 1506 justum,

358 1507 403 1574 Et
415 1506 562 1570 florentes
575 1505 722 1572 domibus
736 1529 864 1596 quoque
877 1529 1062 1594 comparare
1075 1509 1205 1572 amicos.

359 1594 449 1658 Deus
463 1594 557 1671 enirn,
573 1615 757 1658 communes
772 1593 915 1660 fortunas
929 1595 1117 1684 gubernans,

360 1680 468 1746 Sontis
482 1679 712 1743 calamitatibus
725 1681 866 1766 perdidit

359 1765 426 1842 Qui
440 1766 546 1830 insons
561 1779 618 1842 est,
631 1779 662 1830 et
675 1765 756 1830 nihil
772 1769 923 1852 peccavit.

359 1854 489 1920 Ducena
503 1863 609 1916 autem
623 1872 733 1916 omnes
752 1855 885 1942 Argivos
895 1854 929 1916 in
944 1853 1188 1938 expeditionem,

358 1938 484 2005 Deinde
498 1937 626 2002 oracula
639 1939 763 2002 vatibus
776 1939 941 2004 edentibus
955 1954 1167 2019 contemnens,

360 2027 423 2091 Per
438 2025 499 2088 vim
515 2023 665 2110 neglectis
678 2024 748 2102 diis,
765 2025 928 2111 perdidisti
941 2027 1107 2102 civitatem,
1297 2035 1363 2092 280

361 2110 570 2197 Ajuvenibus
584 2109 739 2187 seductus,
778 2115 809 2176 ui
824 2111 997 2176 honoribus
1011 2113 1093 2176 au'cti

361 2196 521 2273 Gaudent,
537 2211 569 2261 et
583 2210 700 2282 augent
715 2133 797 2262 belia
811 2199 878 2262 sine
886 2199 969 2284 jure,

361 2283 609 2368 Corrumpentes
624 2284 717 2360 cives,
733 2283 812 2349 alius
827 2285 961 2370 quidem,
978 2297 1013 2348 ut
1026 2283 1083 2348 fiat
1096 2285 1283 2370 imperator,

359 2370 449 2435 Alius
464 2391 546 2445 vero,
563 2382 599 2433 ut
613 2369 838 2435 contumeliose
852 2393 884 2435 se
897 2385 998 2460 gerat,
1012 2385 1122 2436 nactus
1137 2372 1326 2457 potentiam,

360 2455 449 2521 Alius
463 2477 538 2520 vero
553 2469 690 2540 quaestus
704 2461 818 2543 gratia,
832 2479 898 2520 non
912 2457 1112 2522 considerans

359 2542 412 2608 An
428 2540 564 2628 populus
578 2542 695 2628 aliquid
712 2541 892 2608 detrimenti
903 2545 1044 2630 accipiat,
1056 2545 1133 2608 dum
1144 2541 1217 2608 haec
1233 2545 1364 2629 patitur.

360 2629 441 2694 Tres
455 2630 538 2692 enlm
553 2639 619 2692 sunt
631 2642 737 2714 partes
751 2631 884 2694 civium:
907 2631 1032 2716 quidem
1049 2629 1169 2708 divites,

359 2715 404 2781 Et
419 2713 543 2781 Inutiles
557 2727 641 2792 sunt,
657 2727 689 2778 et
704 2737 826 2800 semper
839 2715 931 2800 plura
944 2729 1115 2802 expetunt:

362 2803 520 2888 l'auperes
535 2822 620 2878 vero,
636 2815 668 2866 et
682 2799 858 2889 indigentes
872 2803 967 2880 rictu,

360 2888 579 2965 vehementes,
595 2886 794 2975 Indulgentes
808 2889 899 2952 livori
1298 2897 1367 2956 240

359 2973 514 3040 Emittere
530 2973 628 3039 malos
642 2972 765 3040 aculeos
780 2974 812 3038 in
828 2975 948 3052 divites,

359 3059 493 3147 Linguis
508 3059 663 3125 melorum
678 3061 849 3145 praesidum
864 3061 999 3146 decepti.

359 3145 473 3211 Trium
496 3168 570 3210 vero
587 3148 730 3232 ‚partium
752 3146 816 3224 illa,
832 3169 904 3234 quae
918 3159 961 3212 est
982 3149 1014 3212 in
1033 3147 1143 3228 medio,
1158 3161 1264 3213 servat
1286 3145 1369 3212 civi-

442 3247 533 3309 tates,

358 3319 568 3406 Disciplinam
584 3341 782 3398 conservans,
797 3340 891 3408 quam
906 3319 1104 3386 constituerit
1116 3317 1183 3384 lex.

358 3405 402 3472 Et
413 3405 529 3470 deinde
544 3428 604 3489 ego
619 3407 676 3469 tibi
690 3407 860 3472 auxiliator
874 3405 953 3471 ero?

360 3491 449 3570 Quid
465 3492 587 3557 honesti
602 3490 710 3558 dicens
724 3492 766 3558 ad
781 3515 867 3557 meos
880 3488 986 3558 cives?

359 3579 469 3644 Lsetus
483 3578 552 3644 abi:
575 3599 635 3642 nec
649 3579 674 3642 si
689 3599 753 3643 non
769 3593 853 3644 recte
867 3578 1046 3644 deliberasti

360 3665 441 3752 Ipse,
457 3679 493 3731 ut
508 3687 566 3729 noe
580 3665 699 3730 cruciet
712 3665 848 3743 fortuna,
864 3663 998 3751 postula.

273 3769 348 3818 cuo.
360 3751 449 3818 Male
462 3751 545 3818 feeit.
589 3751 630 3816 In
639 3751 809 3837 juvenibus
823 3767 927 3817 eutem
943 3750 1125 3816 bominibus
1137 3751 1202 3816 boc
1240 3780 1244 3789 ·

361 3839 573 3906 Peccubatur:
597 3839 718 3903 veniam
734 3839 832 3926 igitur
846 3837 920 3904 huic
933 3837 1009 3904 dare
1022 3837 1123 3902 decet.
1301 3847 1378 3910 250

359 3926 458 4012 Atqui
473 3925 514 3992 ad
530 3939 570 4002 te,
588 3937 623 3988 ut
637 3925 676 3988 ad
695 3923 858 3990 Medicum
874 3925 1000 4003 borum,
1018 3923 1051 3989 Ο
1067 3924 1152 4002 Res,
1169 3925 1332 3994 venimus.

273 4027 327 4074 tu.
359 4007 434 4076 Non
448 4011 575 4098 quidem
584 4011 723 4112 judicem
739 4024 770 4075 te
784 4011 933 4100 eligentes
947 4031 1090 4076 meorum
1104 4013 1278 4092 malornm,

358 4094 480 4182 Neque,
497 4099 523 4163 si
539 4096 614 4184 qurd
630 4095 849 4183 deprehendar
862 4119 926 4162 non
942 4111 1026 4162 recte
1039 4097 1158 4174 fecisse,

357 4181 494 4248 Istorum
510 4185 688 4268 punitorem
705 4195 736 4248 et
750 4185 998 4274 objurgatorem,
1015 4187 1046 4249 0
1061 4203 1128 4260 rex,

359 4267 421 4332 Sed
437 4281 471 4332 ut
485 4269 623 4354 adjuver.
670 4270 704 4335 Si
718 4285 902 4336 autemnon
918 4271 965 4336 vis
980 4267 1175 4352 messuere,
