2882 4858
281 231 342 288 554
656 221 984 289 uuulurms

280 419 351 464 rou.
365 397 451 463 Cum
462 394 531 460 viro
544 407 647 460 eutem
663 397 761 472 venis,
776 417 816 462 sn
832 396 910 477 sole,
924 399 969 461 cd
982 399 1044 462 bre
1057 397 1215 464 ommis?

279 506 355 552 cns.
368 484 451 548 Cum
465 483 552 546 viro:
577 483 598 546 1
599 481 636 545 ue
649 503 724 546 vero
737 482 903 548 delubrum
917 481 996 548 adiit
1010 482 1200 569 'hopbonii

279 593 352 637 rou.
370 571 484 635 Utrum
498 581 666 652 spectator,
682 569 874 633 unveticinii
889 569 1007 634 ceusu?

279 678 354 724 cus.
368 655 527 740 illiusque,
545 653 724 740 Phoebiqne
736 675 921 740 responsum
936 677 1034 720 unum
1048 657 1130 720 scire
1142 657 1284 742 cupiens.

279 764 351 808 rou.
364 743 451 806 Num
465 763 525 826 pro
539 755 630 805 terrm
646 742 787 828 frugibus
802 741 922 818 venitis,
937 763 978 806 en
992 741 1034 805 de
1047 740 1177 808 liberis?

279 850 352 896 cns.
367 829 442 894 Siue
457 826 562 891 liberis
572 849 691 903 sumus,
708 828 849 912 quemvis
863 827 1045 892 diuturnam
1065 828 1138 894 lecti
1160 829 1357 895 consuetudi-
1426 845 1427 870 ¹

448 927 526 976 nem'
535 913 694 976 babentes.

280 1021 350 1066 rou.
366 1000 435 1064 Nec
449 998 621 1085 quidquam
635 1019 773 1085 unquam
789 999 949 1085 peperisti,
965 1001 1017 1064 sed
1032 1001 1100 1064 sine
1112 999 1220 1066 liberis
1233 1000 1292 1066 es?

279 1107 353 1152 cus.
368 1085 508 1150 Phoebus
521 1085 609 1148 novit
622 1107 724 1148 meam
738 1085 942 1150 sterilitatem.
970 1112 976 1122 ¹

280 1194 347 1238 rore.
360 1173 392 1236 O
406 1173 535 1320 miserpe,l
544 1193 616 1300 qn'ae
630 1171 751 1235 certeris
765 1173 797 1235 iu
810 1174 895 1235 rebus
908 1193 980 1236 cum
995 1171 1036 1235 sis
1056 1170 1143 1249 felix,
1159 1174 1192 1236 in
1212 1174 1270 1238 boc
1288 1193 1351 1238 non

448 1279 482 1320 es
536 1257 587 1320 ix.
1298 1267 1356 1324 810

279 1365 354 1411 cuc.
366 1343 418 1407 Tu
433 1365 507 1407 vero
522 1343 663 1428 quisnam
679 1341 737 1407 es?
760 1343 808 1408 Ut
821 1355 907 1407 tuem
923 1357 1053 1408 matrem
1063 1343 1187 1430 judicio
1200 1345 1334 1410 bostem

279 1451 352 1495 rou.
365 1429 429 1493 Dei
442 1449 537 1492 vocor
552 1449 669 1504 servus,
685 1441 716 1492 et
730 1451 811 1506 sum,
828 1430 860 1493 O
874 1429 996 1494 mulier.

279 1537 353 1582 cns.
365 1515 585 1579 Donatiumne
598 1509 741 1593 civitatis,
757 1537 796 1578 sn
812 1515 854 1580 ab
868 1515 974 1616 aliquo
988 1513 1158 1580 venditus?

278 1623 354 1666 rou.
364 1601 439 1665 Non
454 1602 530 1676 scio,
545 1601 603 1664 uisi
620 1599 681 1664 boc
695 1623 805 1678 unum,
823 1601 979 1686 Apolhnis
992 1623 1098 1666 vocor.

279 1709 350 1753 cum
365 1687 431 1751 Nos
445 1687 553 1786 igitur,
569 1685 601 1750 Ο
616 1685 738 1771 hospes,
753 1702 784 1751 tc
798 1709 923 1772 quoqne
938 1688 1071 1751 vicissim
1086 1689 1282 1752 miseramur.

280 1793 350 1838 rou.
363 1773 410 1838 Ut
425 1795 478 1859 qur
493 1774 638 1848 nescium,
654 1795 726 1858 quse
740 1794 791 1836 me
804 1774 936 1857 peperit,
952 1785 983 1837 et
997 1793 1039 1838 ex
1053 1795 1117 1922 qduo
1129 1787 1225 1837 natm
1238 1773 1307 1838 sim.

278 1879 351 1926 cns.
365 1858 542 1923 Habitasne
555 1859 587 1922 iu
603 1859 669 1922 istis
683 1858 817 1942 templis,
832 1858 882 1922 vel
895 1859 927 1922 in
943 1861 1047 1943 oiipuu
1083 1857 1179 1922 omo?

279 1967 351 2010 rou.
366 1945 478 2010 Ubivis
494 1955 537 2008 est
552 1943 628 2007 mihi
642 1944 764 2020 domus,
779 1945 835 2009 ubi
851 1967 900 2008 me
911 1967 1040 2008 somnus
1053 1947 1224 2030 occuparit.

279 2053 352 2096 cns.
367 2030 491 2095 Pneme
505 2031 641 2097 existens
656 2033 689 2094 in
704 2032 758 2093 boc
770 2030 923 2114 templum
939 2031 1057 2108 venisti,
1074 2053 1112 2094 sn
1129 2028 1331 2095 adolescens?

283 2137 351 2182 rosv.
369 2115 524 2181 Infantem
540 2119 654 2180 venisse
667 2115 787 2193 dicunt,
803 2117 856 2202 qui
871 2117 951 2180 scire
988 2129 1125 2182 utentur.
1231 2135 1238 2144 ·
1298 2123 1357 2182 82⁰

279 2224 354 2268 cns.
367 2201 451 2278 Quae
465 2223 540 2266 vero
554 2214 585 2266 te
598 2201 679 2266 lecte
692 2202 841 2266 enutrivit
854 2224 895 2269 ex
913 2137 1104 2288 Deiirbicis?

277 2310 348 2354 rou.
364 2288 535 2373 Nunquam
550 2289 683 2375 cognovi
697 2309 883 2352 mammam:
905 2287 960 2352 ills
973 2309 1024 2352 me
1038 2288 1126 2354 eluit.

277 2396 351 2440 cns.
364 2373 532 2449 Quaenum,
549 2371 581 2436 Ο
595 2372 799 2437 aerumnose?
822 2373 868 2438 Ut
882 2373 1028 2438 laborans
1042 2374 1145 2438 inveni
1160 2373 1327 2441 morbum!

277 2481 347 2524 rou.
363 2458 475 2523 Phoebi
490 2459 644 2534 sacerdos,
660 2461 768 2523 metris
782 2459 853 2524 loco
866 2459 1028 2525 hebemus.

277 2567 355 2612 cus.
365 2543 486 2610 Venisti
500 2564 575 2693 iero
589 2543 630 2608 sd
644 2543 763 2609 virilem
779 2559 903 2609 aetetem
918 2565 1014 2632 quum
1028 2545 1248 2612 educationem
1264 2546 1354 2632 edep-

447 2643 499 2694 tus

278 2738 351 2782 rou.
362 2721 435 2782 Arse
449 2733 499 2781 me
512 2719 661 2780 oluerunt
673 2729 709 2782 ut
722 2717 1009 2802 semper-accedens
1022 2717 1147 2804 hospes.

277 2825 351 2869 cnu.
362 2801 481 2868 Misere
495 2815 526 2867 te
540 2825 611 2890 quae
626 2804 758 2888 peperit,
774 2826 971 2890 quaecuuque
984 2803 1079 2869 fuerit
1092 2804 1231 2869 tandem.

277 2910 346 2954 rou.
364 2889 508 2953 Fortasse
522 2887 566 2952 fui
580 2889 732 2974 probrum
748 2891 879 2974 alicujus
893 2889 1040 2956 mulieris.

276 2995 351 3041 cns.
366 2973 518 3038 Habesne
533 2973 643 3059 Opes?
664 2975 744 3039 bene
753 2975 837 3039 enim
852 2989 981 3040 ornatus
995 2997 1026 3040 es
1040 2976 1187 3040 vestibus.
1426 3039 1427 3050 ,

277 3081 347 3126 rou.
364 3060 427 3126 Dei
442 3062 529 3124 donis
542 3082 702 3139 ornamur,
718 3061 768 3124 cui
782 3060 942 3125 servimus.
1294 3069 1355 3128 000
1426 3057 1427 3076 ’

277 3167 350 3212 cus.
364 3146 437 3210 Non
460 3145 647 3295 contepdisti
669 3149 707 3210 00
730 3147 973 3233 inquisitionem,
990 3159 1025 3212 ut
1046 3147 1202 3212 invenires
1223 3159 1353 3234 tuorps·

437 3245 548 3296 rentes
1297 3247 1301 3254 ’

277 3338 347 3383 rou.
363 3316 493 3382 Nullum
509 3319 592 3380 enim
607 3318 770 3394 indicium,
786 3315 818 3383 Ο
834 3317 955 3396 mulier,
971 3317 1081 3385 habeo.

276 3401 482 3488 cunffleur)
509 3402 653 3492 quiedam
677 3403 738 3467 01ἰο
759 3403 871 3468 mulier
891 3426 983 3489 pesse
1005 3419 1053 3470 est
1074 3404 1184 3469 eudem
1206 3425 1279 3470 cum
1301 3415 1354 3469 tus

445 3505 555 3554 matre.

277 3596 344 3639 rou.
361 3574 539 3650 Quaenem?
565 3573 647 3640 Dic:
671 3578 696 3639 si
710 3575 788 3639 mihi
798 3596 927 3661 operam
936 3575 1157 3654 commodaris,
1166 3575 1352 3642 ltetnrernur.

274 3681 349 3725 cns.
360 3662 424 3725 Illa
439 3661 527 3746 cujus
541 3683 634 3726 cause
648 3663 718 3725 veni
732 3663 805 3738 buc,
821 3663 1005 3748 priusquam
1019 3661 1147 3728 socedat
1161 3664 1301 3728 meritus.

274 3767 344 3810 rou.
360 3746 542 3823 Quemnam
558 3769 619 3810 rem
633 3751 771 3832 cupiens,
786 3761 822 3811 ut
837 3749 890 3811 tibi
903 3748 1017 3812 mulier
1030 3747 1224 3814 inserviam?

273 3851 347 3898 cun.
361 3831 535 3898 Oruculum
549 3832 708 3897 occuitum
722 3855 762 3896 ex
778 3832 902 3898 Phoebo
916 3835 1045 3919 cupiens
1058 3855 1255 3922 cognoscere.

272 3938 343 3981 rou.
358 3918 439 3982 Dic:
463 3940 521 3982 nos
535 3931 647 3982 caeters
661 3919 909 4004 procurabimus.

272 4023 350 4068 cns.
362 4004 447 4066 Audi
456 4005 523 4089 jem
538 4025 630 4067 meum
645 4005 939 4070 sermonem—Sed
955 4027 1014 4070 nos
1028 4006 1125 4090 pudet
1139 4005 1320 4072 haeum

272 4109 343 4154 rou.
359 4087 447 4176 Ergo
463 4089 541 4152 nihil
555 4111 646 4176 eges:
669 4088 729 4154 des
743 4091 856 4175 igneve
870 4105 916 4154 est
929 4093 1117 4156 ueremrudr'c.
1289 4097 1352 4156 ³40

271 4193 345 4238 css.
359 4171 516 4250 Quaedsm
532 4198 601 4239 mes
615 4176 716 4239 umics
729 4177 806 4240 dicit
821 4199 855 4240 se
868 4177 1076 4242 concubuisse
1089 4197 1162 4242 cum
1180 4175 1309 4243 Phoebo.

272 4280 340 4322 rou.
358 4267 408 4322 Au
426 4260 536 4324 mulier
549 4283 621 4324 cum
636 4260 723 4326 deo?
745 4283 785 4326 ne
798 4261 925 4340 dixeris,
942 4265 974 4327 0
988 4263 1111 4348 hospes.
