2852 4862
630 193 955 262 EURIPIDIS

333 370 606 438 Adcborosvero
1124 393 1130 408 ¹
1277 383 1331 441 120

333 457 574 524 Con'uuxeruut
587 455 813 535 Trieteridum,

333 480 460 622 Quibus
474 541 648 608 delectatur
662 541 838 629 Dionysus,

333 631 490 730 Voluptas
505 629 538 692 in
553 627 723 730 montibus,
739 626 867 714 quando
882 649 924 693 es
940 627 1045 693 choris
1223 635 1330 718 (epod)
1417 668 1423 749 δ

335 715 520 818 Perntctbus
532 728 660 816 projice
690 799 698 816 ⁰
900 801 907 815 .
950 801 957 814 ·
1417 752 1421 837 Ι

334 805 423 870 Sem
445 799 559 878 solum,
575 799 698 864 brunuli
712 813 841 890 gestans
863 803 973 886 olsquu
994 822 1114 866 sacram
1137 817 1267 887 vestem,
1281 829 1332 894 ⁸P·

416 910 532 972 perans

332 974 463 1039 Coedem
478 974 650 1051 hircorum,
666 973 779 1038 crudas
793 972 911 1058 epulas,

332 1058 507 1127 Modulans
521 1060 595 1125 laeta
612 1059 763 1148 Phrygia,
781 1058 894 1146 Lydis.

332 1147 481 1211 Bromius
496 1161 601 1212 autem
615 1157 662 1212 est
678 1159 865 1230 praecentor,
880 1145 979 1212 cnoel

332 1232 419 1298 Fluit
433 1255 508 1298 vero
523 1233 603 1298 lacte
617 1245 711 1310 terra,
726 1232 796 1297 fluit
810 1233 904 1297 etiam
920 1231 1004 1311 vino,
1019 1233 1090 1298 fluit
1103 1249 1135 1298 et
1148 1257 1247 1321 epum

330 1317 477 1396 Nature,
494 1319 517 1384 S
557 1319 564 1332 ’
606 1317 704 1382 ivero
718 1329 869 1404 tanquam
884 1318 987 1383 thuris
1002 1319 1105 1385 murus
1119 1325 1231 1404 spirat.
1272 1333 1329 1390 180

331 1403 404 1490 lpse
419 1427 493 1471 vero
538 1405 653 1470 acubus
666 1417 791 1493 gestans

331 1491 471 1642 {gnitum
485 1491 583 1555 facem
598 1490 709 1576 piceoe,

362 1601 382 1642 x
396 1575 496 1644 ferula
510 1579 646 1642 emicare
652 1575 748 1657 facit,

329 1662 523 1740 Quassaudo
537 1685 632 1728 cursu
646 1676 679 1730 et
692 1662 796 1728 eboris
809 1663 973 1729 stimulans
986 1662 1138 1747 palantes,

330 1749 374 1814 Et
388 1750 579 1817 clamoribus
593 1750 747 1826 excitans,

328 1836 490 1912 Delicatus
505 1859 611 1903 comas
625 1835 659 1899 in
674 1857 778 1901 aerem
793 1857 955 1924 spargens.

330 1923 431 1988 Simul
442 1947 518 1988 vero
531 1944 603 1988 cum
620 1935 715 1986 cantu
730 1920 869 1988 infremit

329 2009 439 2074 Talia:
464 2009 496 2074 0
511 2010 554 2074 ite
569 2007 716 2086 Bacche,

329 2094 361 2160 Ο
377 2095 420 2159 ite
437 2095 584 2173 Bacchis,

328 2180 438 2245 Tmoli
451 2181 666 2246 auro-liuentis
680 2181 810 2259 delicias,

329 2267 442 2333 Canite
456 2268 636 2354 Dionysum

328 2353 412 2418 Cum
428 2365 441 2416 t
464 2354 586 2438 mpanis
600 2354 810 2442 grandisonis,

328 2437 412 2503 Euoe
459 2440 546 2503 ulum
562 2439 756 2504 celebrantes
770 2439 865 2504 deum

328 2524 470 2612 Phrygio
485 2525 624 2590 clamore
638 2539 670 2591 et
684 2525 916 2602 vociferatione,

329 2611 521 2698 Ubicunque
534 2611 737 2677 dulcisonans
752 2611 859 2676 fistula

329 2698 426 2763 Sacra
440 2719 546 2764 sacros
560 2697 653 2764 ludos

327 2785 437 2862 Sonat,
454 2807 611 2872 congruos
625 2784 873 2851 discurrentibus

326 2869 365 2935 Iu
382 2885 534 2948 montem,
550 2872 583 2935 in
600 2887 757 2938 montem:
778 2871 981 2958 gaudensque
994 2871 1075 2936 adeo

327 2956 375 3023 Ut
389 2957 493 3043 pullus
509 2957 603 3023 simul
617 2981 714 3047 agens
728 2979 801 3023 cum
818 2969 917 3022 matre
932 2957 1025 3042 Equo

325 3042 442 3108 Pedem
459 3044 556 3130 agitat
570 3043 702 3110 celerem
718 3043 935 3108 saltationibus
950 3041 1088 3108 Boccho.
1268 3057 1327 3115 1⁵0

238 3147 309 3194 tun.
325 3128 407 3205 Quis
423 3131 454 3194 iu
469 3131 569 3216 portis
584 3130 741 3196 Cadmum
754 3145 863 3196 evocat
877 3149 918 3194 ex
933 3129 1041 3207 domo,

324 3215 479 3303 Agenoris
493 3215 586 3294 filius,
603 3217 669 3303 qui,
685 3217 763 3281 urbe
779 3215 911 3281 Sidonia

326 3301 460 3380 Relicta,
476 3301 645 3368 aedificsvit
658 3301 741 3368 hunc
756 3302 868 3367 urbem
885 3301 1136 3368 Thebanorum?

325 3385 388 3452 Eat
401 3387 523 3474 aliquis,
538 3391 664 3467 nuncia,
679 3389 766 3476 quod
780 3388 918 3453 Tiresias

324 3473 342 3539 I
365 3497 436 3538 sum
450 3490 590 3562 quaerat:
613 3476 672 3576 scit
686 3497 761 3539 vero
775 3475 851 3560 ipse,
867 3475 954 3576 eujus
968 3476 1011 3576 rei
1027 3499 1121 3542 caum
1135 3479 1239 3556 venio,

325 3572 655 3734 clllttffittzt
665 3561 922 3712 {utillud
929 3582 1166 3731 tilitas,

325 3731 368 3798 Et
383 3755 536 3798 coronare
550 3733 655 3819 capitu
669 3732 848 3800 hederaceis
861 3733 1068 3820 germinibus.

239 3839 315 3888 cun.
327 3818 360 3885 Ο
373 3819 564 3898 charissime,
581 3837 616 3885 ut
630 3819 754 3886 laetatus
768 3841 837 3884 sum
853 3818 983 3884 audieus
996 3834 1084 3886 tuum
1099 3843 1219 3900 vocem,

323 3906 504 3990 Sapientem
519 3929 557 3971 ex
574 3907 642 3970 viro
655 3907 805 3992 sapiente,
821 3926 892 3969 cum
907 3906 992 3970 intus
1005 3929 1104 3974 essem
1262 3919 1327 3976 160

322 3991 424 4056 Venio
438 4007 543 4058 autem
559 4006 696 4076 paratus,
711 3993 796 4057 hunc
809 3991 930 4056 hebens
942 4006 1090 4058 ornamus
1104 3991 1168 4060 dei.

324 4076 462 4162 Oportet
477 4079 560 4144 euim
578 4079 692 4165 ipsum,
706 4079 760 4166 qui
773 4093 820 4142 est
833 4077 918 4142 lilius
933 4101 1013 4144 mese
1027 4078 1113 4156 filie,

324 4163 513 4248 Dionysum,
528 4163 713 4230 bominibus
729 4165 766 4230 iis
778 4165 861 4228 inter
876 4186 956 4250 quos
970 4167 1120 4250 apparuit
1134 4165 1235 4247 Deos,

322 4248 488 4326 Quantum
504 4273 563 4336 pro
577 4251 659 4318 virili
675 4273 850 4338 pommus
867 4249 1058 4318 honoratum
1073 4253 1195 4340 urgeri.
