2784 4864
267 221 309 285 72
645 205 962 276 EURIPIDIS

267 405 344 452 cuo.
354 382 418 450 sed
431 380 523 447 video
539 378 720 446 Menelaum
735 401 835 466 prope
848 373 980 444 domunr'

352 465 587 556 citato—gradu,
602 466 712 532 auditu
725 465 808 531 forte
821 466 969 532 edoctum
982 464 1152 544 fortunam,
1168 485 1244 554 qum
1269 487 1366 532 nunc

437 555 535 620 adest.

353 641 429 706 Non
443 640 669 705 anteverteritie
682 640 907 726 conjungentes
921 637 1004 702 fores
1018 637 1167 716 vectibus,

353 729 386 792 O
395 725 567 804 Atridre,in
576 724 693 790 domo?
707 724 882 789 Vehemens
891 745 941 788 res
949 723 1364 790 estvirinrebuesecrmdir

354 812 625 964 Contreergsdgui
646 825 720 876 sunt
742 811 776 875 in
792 811 938 890 adversis,
953 811 1034 876 sicut
1049 825 1082 877 tu
1096 833 1192 888 nuuc,
1208 810 1363 890 Orestes,

438 922 471 964 ee
484 919 515 962 ru
595 943 604 961 .

268 1005 328 1054 m.
353 983 458 1050 Venio
471 983 601 1049 eudicus
613 982 754 1048 facinore
767 981 838 1047 dire
851 995 882 1048 et
895 997 1026 1048 strenue

353 1071 502 1138 Duorum
516 1070 662 1136 leonum:
684 1091 750 1134 uon
764 1069 847 1134 euim
861 1091 941 1134 voco
955 1091 1009 1134 eos
1022 1069 1114 1134 vicos.
1272 1079 1366 1137 1550

354 1157 438 1222 Nem
452 1156 558 1222 audivi
571 1155 695 1221 demea
707 1175 816 1232 uxore,

353 1242 453 1320 Quod
467 1265 532 1307 uon
547 1242 589 1307 sit
604 1240 775 1317 interiectu,
791 1239 846 1305 sed
861 1241 994 1306 evanida
1008 1240 1128 1320 abierit,

353 1329 499 1394 Audiens
513 1329 639 1392 irrenem
651 1325 777 1403 famam,
793 1349 887 1413 quam
902 1339 989 1392 metu
1003 1328 1151 1414 deceptus

353 1414 495 1491 Quidum
508 1413 668 1478 nunciavit
681 1412 778 1476 mihi:
801 1414 855 1477 red
869 1413 1042 1478 metricidre

354 1501 439 1566 Sunt
451 1499 502 1565 hee
517 1515 610 1577 artes,
625 1513 657 1563 et
669 1499 781 1586 ingens
794 1498 919 1564 derisio.

354 1586 487 1668 Aperiat
499 1585 613 1674 uliquis
626 1586 754 1649 domum
767 1608 776 1648 r
799 1586 895 1650 nervis
904 1585 1003 1671 jubeo

355 1671 476 1737 Pellere
489 1673 566 1736 ister
581 1671 672 1747 sores,
687 1685 722 1735 ut
736 1669 845 1735 saltem
859 1670 958 1735 filiam
973 1693 1075 1736 meum

354 1756 504 1823 Liberem
518 1779 559 1821 ex
573 1757 717 1822 manibus
731 1755 895 1821 hominum
911 1757 1093 1843 impiorum,

355 1842 400 1908 Et
413 1844 559 1908 miserem
573 1864 782 1908 {erumnosam
798 1865 931 1908 uxorem
948 1865 1049 1908 meum

355 1930 532 2014 Accipiam,
549 1951 621 1995 cum
635 1940 837 2016 quc‘oportet
850 1930 985 1994 interfici
998 1951 1069 1995 mee
1081 1949 1177 1994 manu
1270 1939 1366 1998 1560

355 2015 421 2080 Eos
435 2017 490 2102 qui
504 2016 712 2101 perdiderunt
726 2037 826 2080 mecm
841 2017 1017 2104 conjugem.

269 2119 346 2166 οη.
357 2101 449 2165 Heue
462 2114 510 2182 tu,
527 2124 591 2166 nou
605 2101 740 2189 attingus
753 2101 898 2166 manibus
911 2103 971 2166 iste
984 2102 1128 2180 claustro,

355 2185 407 2251 'I'e
420 2185 605 2252 Menelaum
620 2209 691 2251 com
732 2186 787 2268 llo,
801 2188 855 2274 qui
870 2187 969 2253 eletue
982 2211 1015 2252 es
1028 2189 1195 2274 superbiae

355 2273 425 2338 Aut
438 2272 498 2338 hec
511 2274 610 2358 pinne
623 2295 682 2338 cou
715 2275 819 2360 'ugem
833 2285 923 2338 tuum
937 2289 1044 2360 ceput,

357 2359 521 2460 Frangens
534 2371 675 2424 veterum
690 2371 819 2436 tectum,
834 2381 914 2510 opus
928 2361 1096 2426 artificum.

356 2443 486 2510 Muurte
499 2457 546 2510 est
555 2446 652 2530 jenua
665 2445 818 2523 vectibus,
833 2469 850 2510 e
875 2467 979 2510 versun
993 2460 1083 2512 tuum
1097 2446 1281 2513 offendendi

356 2531 515 2606 Studium,
530 2531 586 2617 qui
599 2542 631 2595 te
645 2535 806 2612 arcebunt,
820 2552 861 2595 ne
874 2531 972 2596 intres
984 2532 1019 2596 in
1032 2531 1173 2600 domum.

270 2635 331 2681 mr.
358 2616 422 2695 Ah,
438 2616 514 2704 quid
529 2631 577 2682 est
591 2616 681 2680 rideo
695 2615 893 2703 splendorem
907 2618 1053 2696 flammae,

355 2702 400 2768 Et
413 2704 445 2766 iu
461 2703 592 2768 summis
606 2702 728 2768 aedibus
741 2705 816 2767 istos
829 2702 972 2769 obsessos
986 2705 1096 2784 teneri,

357 2789 400 2853 Et
412 2788 553 2875 gladium
569 2788 731 2853 admotum
746 2789 922 2854 collomeae
935 2789 1020 2854 filiae.
1272 2801 1368 2862 1570

269 2894 346 2938 ortu.
358 2873 476 2940 Utrum
492 2875 538 2938 vie
553 2875 757 2958 interrogare,
772 2897 813 2940 an
828 2897 880 2940 me
893 2875 1024 2940 audire?

269 2979 332 3025 rre.
356 2961 517 3026 Neutrum
531 2961 675 3048 quidem:
696 2961 750 3025 sed
765 2983 891 3028 necesse
903 2975 961 3039 est,
977 2975 1013 3026 ut
1027 2962 1160 3036 videtur.
1176 2975 1209 3028 te
1222 2963 1354 3032 audire.

270 3047 437 3112 censum
452 3047 613 3111 occisurus
628 3059 715 3110 tuam
727 3045 838 3127 filiam,
849 3048 875 3111 si
889 3049 935 3112 ris
948 3047 1078 3115 discere.

268 3150 330 3195 un.
357 3129 524 3197 Interiectu
540 3131 667 3196 Helene
680 3133 777 3197 addes
791 3132 909 3198 crudem
923 3131 1027 3198 cedi?

139 3253 142 3261 .
269 3237 345 3282 one.
356 3217 488 3284 Utinam
502 3239 577 3283 vero
590 3218 767 3296 tenuissem,
783 3240 847 3284 uon
862 3219 1012 3304 deceptus
1024 3242 1045 3285 e
1057 3219 1136 3285 diirI

269 3323 331 3368 ιι.
358 3305 464 3404 Negas
477 3325 550 3370 cum
566 3303 728 3383 occideris,
743 3317 774 3370 et
788 3303 830 3370 cd
844 3306 1068 3371 coutumeliam
1082 3305 1162 3371 dicis
1173 3305 1271 3372 brec?

269 3389 478 3454 onquvrtue
492 3389 618 3490 quidem
633 3411 732 3478 nego:
755 3389 847 3456 valde
859 3394 943 3456 euim
954 3405 1103 3478 optem-

268 3495 328 3540 ιιι
356 3474 446 3554 Quid
458 3475 590 3541 secuse?
610 3477 724 3542 incutis
737 3477 822 3541 euim
837 3477 915 3542 mibi
929 3493 1092 3544 terrorem.

269 3581 345 3626 one.
355 3562 485 3627 Furiam
502 3561 639 3628 Graecioe
653 3583 729 3628 oreo
741 3562 923 3630 demittere!

271 3665 333 3711 ιε.
359 3647 472 3715 Redde
481 3647 613 3714 cadaver
627 3649 743 3730 uxorin,
758 3662 795 3714 ut
807 3651 949 3736 operiam
963 3651 1096 3716 tumulo.
1274 3663 1368 3724 1580

270 3753 346 3798 unu.
358 3733 478 3820 Repete
491 3756 512 3799 a
525 3733 602 3800 diis:
625 3757 685 3818 ego
699 3757 775 3800 vero
787 3735 975 3802 interficiam
991 3749 1079 3802 tuem
1093 3733 1204 3802 dliern.

268 3838 333 3884 ιιι.
358 3817 530 3887 Metricide
541 3819 617 3886 fecit
628 3820 747 3886 cedem
762 3843 858 3908 cupre
871 3823 1002 3888 credem.

150 3945 153 3950 -
269 3924 349 3970 οη.
356 3905 513 3972 Defensor
527 3907 634 3990 patris,
650 3929 742 3992 quem
758 3921 793 3973 tu
806 3907 984 3995 prodidisti,
1000 3923 1036 3973 ut
1048 3920 1237 3976 moreretur.

269 4009 334 4056 rru.
358 3989 433 4056 Nou
448 3992 568 4059 suffecit
581 3993 639 4058 tibi
652 3993 742 4077 prior
753 3997 856 4060 creden
869 3993 993 4080 patris?

269 4095 346 4141 one.
357 4075 432 4142 Non
446 4077 645 4166 defetigabor
659 4101 782 4164 temper
795 4080 1013 4146 interficiendo
1026 4081 1133 4144 melec.

269 4181 334 4226 rra.
358 4161 476 4228 Utrum
491 4177 524 4230 et
538 4179 583 4246 tu,
601 4165 731 4252 Pylade,
746 4189 778 4231 es
790 4168 946 4254 per-ticeps
960 4163 1054 4252 hujus
1068 4165 1188 4232 credie?

270 4267 346 4316 crte.
357 4247 482 4316 Tecenr
497 4250 649 4318 effirmnt:
672 4274 732 4340 ego
747 4275 822 4318 vero
836 4253 986 4320 sufficiam
1000 4253 1122 4318 dicens.
