2888 4856
527 287 529 298 .
628 238 954 304 EURIPIDIS

341 413 445 490 Quem
464 410 592 478 Graeciu
605 400 665 476 sibi
680 411 738 496 ipsi
753 411 891 498 elegerat
905 411 1154 494 Imperatorem:

341 500 424 565 Com
439 516 541 562 autem
560 497 686 563 Heleno
699 521 788 562 soror
801 497 877 564 tuIIu
890 511 1054 583 numeret,

343 584 474 649 Licebat
486 605 516 646 m
581 606 632 647 om
647 583 780 671 gloriam
795 587 865 649 inde
875 583 1007 648 referre:
1029 606 1104 648 nam
1119 583 1207 648 mnis

342 607 660 756 Exemplumaiibent
669 671 759 734 bonis
770 672 949 754 propontum
958 669 1247 756 quodintueontur.
1261 675 1354 734 1080

343 758 377 822 Si
391 779 478 832 vero,
494 769 530 820 ut
543 756 632 832 dicis,
648 770 733 822 tuum
750 757 846 822 filium
859 755 1014 822 interfecit
1028 770 1128 841 peter,

343 843 414 930 Ego
425 865 492 929 quo
503 843 619 929 injurio
632 857 664 908 tc
677 842 777 920 affeci,
792 864 942 928 meusque
955 840 1074 908 frater?

344 928 515 1006 Quomodo
531 929 644 994 morito
659 951 752 1005 creso,
767 945 914 1014 paternos
928 929 1012 992 aeder
1025 951 1090 994 non

345 1015 448 1080 Nobis
461 1013 585 1093 dedisti,
600 1015 653 1079 sed
669 1013 855 1080 transtulisti
868 1019 911 1079 od
925 1015 1022 1080 lectos

345 1099 483 1178 Alienos,
500 1105 601 1186 pretio
616 1103 741 1187 nuptias
754 1101 882 1166 emens?
960 1095 969 1110 '

345 1188 414 1252 Nec
428 1209 488 1273 pro
502 1185 569 1251 filio
583 1202 639 1252 tuo
654 1189 786 1252 moritus
800 1187 918 1263 exulat,

345 1273 459 1359 Neque
473 1295 533 1358 pro
549 1297 598 1337 me
612 1273 713 1356 periit,
730 1275 785 1359 qui
801 1295 851 1337 me
865 1273 963 1358 duplo
976 1273 1077 1360 magis

344 1360 457 1509 Vivogr
471 1359 606 1510 ι,εξοὶόίμ
627 1381 720 1446 quum
745 1381 886 1424 sororem
911 1359 1021 1425 Pater:
1043 1380 1142 1444 porro
1166 1357 1193 1420 ri
1216 1355 1350 1442 rependi

453 1469 470 1510 e
510 1458 523 1509 t

349 1530 461 1596 codes
477 1531 565 1595 caede
578 1531 699 1609 ultrice,
718 1545 747 1596 te
761 1555 821 1618 ogo
835 1531 988 1609 cecidero,

347 1618 390 1683 Et
403 1617 488 1682 filius
504 1618 642 1696 Orestes,
659 1630 822 1702 paternum
836 1617 954 1682 caedem
971 1616 1175 1682 ulciscentes:
1268 1623 1352 1680 1090

347 1705 430 1769 Num
445 1704 470 1766 si
480 1704 566 1790 justu
581 1715 651 1768 cunt
667 1703 729 1780 illo,
745 1716 777 1768 et
790 1703 860 1769 haec
874 1727 966 1790 aequo
979 1715 1055 1768 utut.

348 1790 500 1875 Quisquis
514 1812 588 1854 vero
603 1803 841 1875 spectansopcu,
853 1805 908 1854 aut
922 1790 1041 1855 clerum
1056 1809 1166 1876 genus,

348 1877 449 1943 Ducit
464 1898 595 1940 uxorem
612 1878 798 1960 improbum,
814 1878 928 1940 stultus
944 1889 1006 1939 est:
1029 1897 1128 1960 parvo
1141 1873 1225 1938 enim

348 1965 391 2028 Et
406 1977 491 2026 costo
505 1963 628 2048 magnis
641 1963 863 2047 proestentiorn
877 1973 946 2027 euru
961 1961 1119 2026 connubio
1133 1961 1166 2023 in
1181 1957 1314 2024 cedibus.

263 2069 339 2114 cao.
351 2049 493 2112 Fortuna
518 2049 549 2112 in
579 2047 746 2114 mulierum
776 2048 941 2114 connubiis
966 2051 1151 2123 dominatum
1182 2067 1258 2110 nom
1287 2043 1348 2108 uia

457 2134 561 2198 uidem
577 2134 676 2214 bene,

351 2220 424 2284 Alia
435 2157 513 2284 iero
529 2219 708 2284 mortalium
724 2223 869 2285 corruubio
883 2243 948 2284 non
963 2219 1044 2284 bene
1058 2217 1171 2283 cudere
1185 2219 1287 2284 video.

265 2327 335 2372 cnr.
345 2309 376 2370 0
400 2305 476 2384 filio,
502 2323 615 2371 notura
639 2307 701 2372 hoc
730 2308 864 2374 inditum
889 2320 937 2371 est
961 2306 1030 2383 tibi,
1056 2317 1092 2370 ut
1117 2317 1240 2390 putrem
1265 2323 1348 2366 omer

434 2413 566 2476 semper.

355 2479 404 2544 Itu
427 2490 531 2543 autem
557 2490 589 2544 et
614 2476 674 2544 hoc
703 2478 755 2542 fit:
788 2477 934 2544 nonnulli
958 2475 1086 2565 quidem
1115 2487 1191 2542 runt
1217 2474 1348 2541 merium

335 2631 342 2638 ,
437 2575 581 2642 omoutcs,

352 2649 415 2715 Alii
430 2671 505 2714 vero
519 2661 630 2736 contro
644 2665 758 2716 matres
773 2649 874 2737 magi·
888 2671 982 2738 quum
998 2663 1102 2734 patres
1115 2663 1236 2716 amant.

353 2736 520 2820 ignoscam
536 2736 611 2814 tibi;
635 2742 749 2800 ctenIm
766 2759 829 2801 uon
845 2735 1037 2823 usqueadeo
1270 2739 1346 2800 11⁰⁰

354 2821 474 2899 Laetor,
490 2822 523 2887 Ο
537 2822 612 2898 fllia,
630 2823 676 2900 iis,
693 2845 765 2908 quae
781 2838 902 2909 putrere
917 2839 991 2888 sunt
1005 2845 1023 2886 a
1036 2845 1097 2888 me.

355 2907 417 2972 Sed
435 2921 470 2972 tu
484 2909 569 2972 sicne
581 2908 682 2986 illoto,
697 2922 729 2974 et
743 2909 825 2974 mole
838 2909 954 2974 amicto
969 2931 1113 2993 corpore,

355 2993 517 3078 Puerpero
534 2993 648 3058 recenti
664 3017 683 3057 e
697 3011 789 3080 partu
805 2994 937 3058 liberato
951 3002 1092 3060 mouer?.

356 3077 433 3144 Heu
447 3102 499 3144 me
512 3081 657 3144 miserum
672 3081 709 3144 ob
723 3103 795 3146 meu
807 3079 955 3146 consiliu!

356 3165 439 3229 Nom
462 3166 695 3300 'veliementiuu
723 3191 818 3255 quem
847 3167 998 3250 oportuit,
1027 3165 1069 3230 od
1097 3165 1179 3232 irem
1212 3158 1346 3249 instigui

442 3273 541 3316 vuum
557 3303 563 3316 .

269 3356 344 3402 nnn.
356 3337 434 3402 Sero
447 3338 555 3426 gemis,
571 3337 700 3424 quondo
714 3359 778 3400 non
793 3336 888 3402 habes
902 3337 1086 3402 remedium.

359 3423 450 3488 Pater
465 3425 592 3572 ‹wuidero
607 3437 751 3488 mortuus
765 3433 831 3488 eutr
855 3423 944 3488 iilum
959 3445 1034 3489 vero
1048 3424 1104 3511 qui
1118 3437 1210 3490 extr·
1221 3421 1346 3508 putrium

443 3533 478 3572 so
492 3533 544 3574 um

356 3595 511 3682 Vogutur,
526 3594 625 3660 filium
642 3610 730 3660 tuum
746 3594 986 3681 quomodonou
1001 3597 1125 3660 reducit
1139 3597 1175 3660 iu
1189 3593 1335 3678 putrium?

275 3701 345 3746 cnr.
356 3681 484 3746 Metuo:
510 3703 614 3745 meum
629 3683 724 3758 euim,
740 3703 805 3744 non
820 3699 924 3747 eutem
939 3681 1032 3758 iliius,
1044 3684 1230 3748 commoda
1242 3689 1348 3766 specto·

359 3765 464 3831 Putris
479 3767 573 3842 enim,
591 3779 625 3831 ut
637 3767 750 3844 ferunt,
767 3767 910 3832 irascitur
925 3767 966 3832 ob
979 3768 1114 3834 caedem.
1276 3771 1347 3832 1110

271 3871 348 3917 nnn.
360 3853 428 3918 Cur
443 3876 518 3918 vero
534 3853 681 3918 moritum
696 3869 786 3918 tunm
802 3856 878 3918 odeo
891 3875 1008 3920 saevum
1024 3856 1058 3918 in
1072 3877 1131 3918 uos
1146 3851 1263 3920 huben?

273 3957 344 4004 cnr.
357 3939 450 4003 Tales
464 3950 531 4004 runt
547 3942 641 4022 ipsius
654 3962 775 4004 mores:
799 3940 875 4026 quin
890 3955 921 4004 et
936 3954 970 4006 tu
990 3940 1162 4026 prmfrocto
1177 3965 1209 4006 eo
1223 3937 1347 4026 ingenio·

272 4043 348 4088 nnn.
358 4025 464 4090 Doleo
478 4027 579 4090 enim:
602 4025 656 4090 sed
672 4026 828 4112 indignari
844 4026 994 4092 desinam.
1432 4019 1433 4058 ³

188 4107 194 4120 ’
273 4131 346 4176 cnr.
359 4112 459 4196 Atqui
476 4111 527 4176 ilie
541 4133 605 4176 non
620 4112 755 4198 emplius
770 4116 830 4177 erit
844 4112 901 4176 tibi
915 4114 1029 4202 gravio

272 4215 347 4260 nnn.
358 4197 507 4262 Animum
523 4198 616 4262 nimis
631 4197 739 4263 effert:
763 4200 794 4266 iu
810 4199 888 4263 meio
901 4200 984 4264 enim
1000 4197 1122 4264 hahiur
1134 4197 1262 4266 oedibur.

274 4300 346 4346 cnr.
360 4281 458 4348 Vides
473 4305 550 4370 quos
566 4305 651 4350 nuuc
665 4299 699 4352 tu
711 4285 847 4351 suscites
861 4285 930 4352 lites
944 4283 1070 4352 novor?
