2774 4864
278 223 351 316 rac

667 208 971 282 EURIPIDIS

368 393 535 478 Politaque
548 391 637 469 falce,
650 392 771 478 reliqua
785 392 899 479 paIIuri
916 413 1015 472 ramo,

367 481 410 544 Et
424 501 497 544 vasa
511 479 713 566 sanguinaria
728 479 886 543 securium
900 479 1059 544 morsibus
1074 485 1253 550 rotundato.

331 562 349 588 '¹
367 566 450 631 Cum
465 580 569 630 autem
585 579 687 630 essent
702 579 810 649 parata
826 566 935 629 omnia
948 566 1023 630 Diis
1037 567 1142 633 iuviso

281 3582 408 3646 ·Fu

367 653 511 716 Plutonia
526 673 640 738 coquo,
655 653 739 715 viros
754 650 928 736 corripiens
943 651 1024 717 duos
1067 669 1070 678 '

366 738 527 803 Interiecit
541 761 580 802 ex
596 738 688 802 sociis
702 739 781 802 mais
794 737 906 801 ordine
920 739 1058 823 quodam

368 825 513 890 Alterum
528 823 655 912 quidem
670 825 703 888 iu
719 824 829 888 lebetis
844 823 1009 888 cavitatem
1024 847 1155 903 aeneam,
1172 865 1177 876 ·

366 911 512 976 Alterum
526 933 612 988 vero,
628 933 648 974 a
662 910 790 975 tendiue
804 922 986 996 correptum
1001 913 1116 976 summi
1132 915 1231 1000 pedis,

365 997 507 1062 Allidens
522 997 562 1061 ad
576 1009 703 1061 acutum
716 1018 854 1083 unguem
869 1019 973 1060 saxeoe
987 999 1084 1082 rupis,
1299 1011 1345 1066 tw

367 1083 541 1150 Cerebrum
556 1082 683 1160 effudit;
704 1095 736 1147 et
750 1083 923 1168 corripiens

366 1171 500 1234 Immani
514 1169 616 1235 cultro
631 1183 758 1234 'caruem
772 1169 896 1233 assabat
910 1170 993 1270 igne,

367 1255 440 1320 Alia
454 1277 528 1321 vero
545 1257 685 1320 membra
699 1256 731 1319 in
747 1255 880 1318 lebetem
894 1255 1041 1320 ehxsuda
1055 1257 1195 1320 Immisit.

367 1341 438 1430 Ego
453 1365 528 1406 vero
543 1344 637 1406 miser
652 1341 805 1428 lacrymas
820 1341 861 1405 ab
875 1341 977 1406 oculis
990 1341 1135 1420 fundens,

367 1427 566 1492 accedebam
581 1428 621 1491 ad
638 1427 820 1515 Cyclopem,
837 1441 868 1491 et
881 1427 1088 1492 inserviebam
1105 1434 1151 1492 ei.-
1267 1433 1270 1443 “

367 1513 427 1580 Alii
443 1536 528 1592 vero,
544 1530 580 1579 ut
593 1537 679 1594 aves,
694 1516 728 1578 in
743 1514 913 1578 recessibus
927 1526 1027 1600 petrae

365 1599 458 1665 Metu
473 1600 683 1687 trepidabant,
699 1623 757 1666 nec
771 1602 897 1685 sanguis
912 1601 1013 1666 iuerat
1028 1602 1166 1686 corpori.

367 1685 448 1750 Cum
464 1702 568 1752 autem
583 1687 740 1752 sociorum
758 1708 900 1750 meorum
915 1688 1044 1750 satiatus
1058 1687 1133 1751 cibo
1183 1719 1189 1726 ·

367 1771 585 1853 Recubuisset‚
600 1795 642 1838 ex
657 1771 795 1836 faucibus
809 1793 913 1836 aerem
928 1774 1073 1838 emittens
1086 1793 1225 1860 gruum,

365 1857 462 1924 Venit
487 1859 561 1923 mihi
587 1860 618 1924 in
643 1871 779 1922 mentem
804 1858 954 1944 quiddam
978 1859 1097 1924 divinis
1129 1861 1265 1947 implens
1284 1862 1343 1926 saia

448 1945 595 2033 poculum
1297 1955 1343 2010 uc

364 2028 502 2097 Marone
516 2033 585 2119 ipso
601 2055 735 2110 meraco,
751 2031 825 2097 huic
839 2032 946 2110 affero,
963 2043 996 2096 ut
1012 2033 1110 2110 bibat,

364 2117 484 2182 DIoens
498 2118 584 2184 haec:
609 2118 700 2184 Ofili
717 2119 830 2182 marini
845 2119 906 2196 dei,
925 2118 1072 2204 Cyclops,

364 2203 445 2268 Vide
458 2204 553 2280 bunc,
569 2205 692 2292 qualem
710 2205 837 2268 Graecia
850 2225 890 2268 ex
905 2203 1020 2268 vitibus

363 2289 518 2355 Divinum
533 2291 613 2356 ferat
627 2305 748 2376 potum,
768 2291 884 2355 Bacchi
900 2290 1034 2354 laticem.

363 2373 422 2439 Ille
436 2398 510 2442 vero
524 2377 636 2462 plenus
650 2377 850 2442 inverecundi
864 2377 937 2452 cibI,

364 2463 498 2545 Accepit
511 2462 719 2549 exhausitque
733 2462 860 2527 trahens
877 2463 1061 2550 amystidem
1151 2507 1155 2512 -

364 2545 407 2612 Et
423 2547 560 2614 laudavit
574 2551 687 2614 tollens
702 2569 828 2614 manum
840 2571 847 2612 :
872 2549 904 2613 Ο
913 2549 1145 2634 jucundissime
1158 2552 1317 2638 hospitum,

362 2632 546 2701 Iucundum
561 2636 709 2720 poculum
726 2635 766 2700 ad
781 2636 959 2699 convivium
975 2636 1095 2700 bonum
1110 2636 1177 2704 des.

363 2719 482 2786 Laetari
494 2736 598 2787 autem
614 2725 715 2806 Ipsum
732 2735 768 2785 ut
781 2723 862 2785 sensi
876 2743 946 2805 ego,

362 2807 471 2872 Alium
485 2808 560 2872 dedi
575 2808 715 2884 calicem,
730 2808 841 2883 sciens,
857 2808 942 2894 quod
1294 2811 1343 2870 tid

363 2895 525 2960 Sauciabit
538 2917 610 2959 eum
625 2894 744 2978 vinum,
760 2906 791 2957 et
804 2895 867 2975 ipse
880 2893 969 2958 dabit
982 2915 1094 2978 poeuas
1108 2894 1183 2959 cito.

362 2978 406 3043 Et
414 2981 481 3065 jam
498 2981 539 3046 ad
553 2983 693 3046 carmina
708 2979 872 3045 veniebat:
894 3003 910 3042 e
968 3001 1043 3044 vero
1057 2980 1230 3046 infundens
1241 2979 1333 3045 colito

361 3064 471 3129 Alium
486 3067 701 3152 superadum,
716 3067 836 3130 viscera
849 3065 897 3130 cal
929 3066 1068 3130 sciebam
1083 3079 1172 3152 potu.

360 3150 475 3216 Canum
490 3167 595 3218 autem
610 3153 695 3238 apud
709 3153 819 3217 flentes
832 3152 1044 3240 navigationis
1059 3155 1161 3218 socios
1174 3175 1263 3218 meos

363 3237 531 3304 Incondits
557 3241 705 3324 quedem,
736 3252 861 3303 resonat
889 3251 994 3303 autem
1024 3251 1165 3304 antrum.
1209 3239 1345 3326 Parnase*

445 3347 552 3390 veroa

360 3408 481 3488 Tacite,
499 3428 529 3477 te
543 3347 665 3476 abitare
679 3425 710 3476 et
723 3434 784 3490 me,
800 3414 825 3475 si
840 3411 924 3487 velis,
939 3411 1020 3476 volo.
1039 3457 1044 3462 -

359 3495 470 3573 Quare
484 3497 588 3576 dicite,
605 3511 711 3563 utrum
725 3496 836 3575 velitis,
852 3519 893 3562 an
907 3518 981 3561 vero
996 3497 1114 3575 nolitis,

359 3583 720 3734 nuntiabit
733 3583 1018 3754 iiiiii-3¹²¹

357 3753 423 3830 Qui
439 3756 523 3821 enim
538 3755 623 3820 intus
637 3769 685 3821 est
697 3769 771 3820 tuus
785 3769 875 3841 pater
890 3755 960 3819 haec
974 3755 1100 3840 probat

358 3839 442 3905 Nam
458 3825 622 3907 imbecissis
639 3853 679 3907 est
694 3856 726 3907 et
740 3865 827 3906 curre
841 3863 953 3926 expers
967 3863 1009 3906 ex
1023 3857 1114 3926 potu,

357 3925 525 4014 Tanquam
540 3929 582 3993 ad
598 3929 726 4004 viscum,
742 3928 837 3994 calice
852 3941 961 4014 captus

356 4012 447 4077 Alam
464 4014 604 4079 vacillat:
628 4029 662 4078 tu
677 4033 762 4090 vero,
777 4016 901 4100 juvenis
914 4015 999 4078 enim
1015 4035 1059 4090 es,

275 4112 279 4124 “
358 4097 497 4166 Serveris
514 4123 647 4182 meeum,
659 4115 691 4165 et
704 4111 839 4166 veterem
855 4102 990 4164 amIcum

358 4183 519 4251 Bacchum
535 4188 649 4273 repre,
668 4186 801 4273 Cyclopi
814 4207 880 4252 non
894 4185 1041 4250 similem.

271 4289 347 4336 cuo.
360 4269 392 4336 Ο
406 4269 596 4352 charissime,
612 4275 733 4338 utinam
749 4273 833 4338 bone
846 4272 1004 4342 videamus
1017 4272 1114 4352 diem,
