2784 4864
608 135 928 208 EURIPIDIS

314 310 466 376 Duorum
480 329 661 374 sermonum
673 321 799 376 autores
811 322 918 376 erant:

316 395 481 463 Sententia
492 406 599 460 autem
616 416 680 460 una
693 397 932 475 conveniebant,

315 481 497 548 Achillenm
512 481 667 546 tumulum
681 483 899 548 coronandum
914 505 980 549 esse

317 568 478 656 Sanguine
492 567 615 633 virenti.
645 565 832 634 Cassandrus
845 592 921 636 vero

315 655 441 720 Torum
455 675 519 718 non
534 653 681 719 dicebant
695 655 848 720 Achillem

317 742 361 807 Se
373 739 559 826 proelstnros
573 761 639 806 esse
654 747 793 826 unquam
808 741 921 807 hortm.

318 827 433 892 Studia
446 849 523 890 vero
536 847 719 892 sermonum
734 840 1011 894 oontroversorum

317 913 420 980 Erant
433 912 523 998 poris
558 911 783 990 uodammodo,
798 914 887 999 prius
901 936 990 998 φιαυι
1005 925 1163 994 versutus,

317 998 452 1076 Rhetor,
464 935 677 1083 susvldoqnus,
692 999 826 1085 gretiam
834 999 951 1086 'populi
965 1011 1108 1085 captans,

316 1084 500 1150 Laertiades
515 1085 682 1170 persuadet
695 1087 859 1162 exercitui,
1261 1094 1351 1151 130

318 1171 393 1236 Non
407 1172 563 1257 optimum
580 1171 769 1236 Graecorum
783 1173 926 1238 omnium

222 1252 225 1260 ¹
318 1257 451 1324 Serviles
464 1271 597 1342 propter
609 1258 751 1323 victimas
764 1257 926 1344 repellere,

316 1343 369 1409 Ne
381 1343 452 1430 quis
465 1343 552 1408 dicat
564 1343 649 1430 apud
666 1344 889 1432 Proserpinam

317 1431 412 1495 Stans
425 1451 466 1494 ex
480 1429 623 1508 mortuis,

317 1515 417 1592 Quod
430 1516 547 1605 ingrati
561 1515 668 1580 Densi
681 1538 757 1604 erga
771 1516 914 1596 Danaos,

318 1601 466 1668 Mortuos
479 1623 540 1686 pro
556 1601 690 1679 Grrecis,

316 1687 423 1774 Trojae
437 1709 479 1753 ex
495 1710 564 1752 cam
588 1687 614 1752 is
628 1687 828 1754 decesserint.

316 1773 434 1838 Veniet
446 1795 522 1838 vero
573 1777 667 1861 lysses
675 1774 820 1860 jnmjem,

317 1858 461 1924 Puellam
474 1860 689 1925 abstracturus
702 1859 764 1925 tuIs
777 1882 798 1925 a
811 1859 968 1937 mammis,

318 1943 430 2032 Exque
444 1945 520 2009 enili
535 1968 632 2012 manu
645 1945 849 2012 abducturus.

319 2031 381 2096 Sed
395 2031 476 2096 rede
490 2031 531 2096 sd
545 2030 673 2116 templa,
688 2031 767 2096 rede
780 2031 821 2097 ad
836 2031 959 2108 alteria,

318 2115 445 2207 Accede
458 2117 706 2206 Agamemnonis
719 2118 855 2203 supplex
870 2131 944 2182 ante
957 2137 1079 2206 genua:

318 2202 436 2268 invoca
449 2201 536 2281 deos,
553 2215 586 2268 et
597 2226 651 2268 eos
665 2205 720 2289 qui
734 2204 857 2270 suntin
870 2204 963 2282 coelo,

318 2287 367 2365 Et
376 2311 430 2354 eos
444 2289 499 2375 qui
514 2303 590 2354 sunt
603 2289 661 2354 sub
675 2304 770 2356 terre.

318 2377 387 2440 Aut
400 2375 485 2439 eninr
500 2389 532 2440 te
546 2397 655 2461 preces
668 2376 883 2462 prohibebunt
913 2451 917 2462 ¹

317 2460 410 2526 Orba
423 2482 465 2525 ne
479 2462 522 2525 sis
537 2461 602 2527 lilia
616 2463 741 2542 misera,

316 2548 384 2612 Aut
398 2559 525 2630 oportet
537 2560 569 2612 te
582 2548 721 2634 aspicere
734 2560 808 2613 ante
821 2547 979 2614 tumulum
994 2543 1172 2622 cadentem,

318 2632 525 2698 cruentatam
541 2633 694 2722 sanguine
708 2634 864 2721 uirginem

317 2719 372 2783 Ex
385 2717 523 2786 aurifero

318 2803 413 2870 Collo
424 2803 555 2870 flumine
568 2806 754 2895 nigricante.
1265 2811 1336 2870 150

232 2909 310 2956 nnc.
317 2891 396 2957 Heu
410 2913 462 2955 me
475 2891 640 2958 miserem!
663 2892 817 2980 quidnam
831 2888 1049 2956 vociferabor?

318 2976 425 3054 Quem
439 2975 573 3044 rocem?
594 3000 688 3064 quem
701 2976 884 3066 ploratum?

317 3061 447 3144 Infelix,
460 3063 503 3130 ob
517 3062 672 3131 infelicem
688 3077 891 3144 senectutem,

319 3149 508 3216 Servitutem
523 3171 589 3216 uon
603 3151 814 3230 tolerandam,

319 3236 393 3300 Non
406 3234 578 3302 ferendam.
609 3237 676 3302 Hei
689 3236 768 3302 mihi
782 3235 871 3302 mihi.

317 3321 401 3398 Quis
415 3319 557 3387 defendit
570 3321 644 3388 me?
664 3346 737 3411 quae
750 3345 840 3412 gens,

318 3407 404 3484 Quae
417 3429 494 3473 vero
506 3405 606 3474 urbs?

317 3493 443 3560 InterIit
456 3516 564 3574 senex,
576 3495 766 3562 interierunt
778 3493 881 3562 liberi.

319 3579 405 3657 Qua,
420 3602 462 3646 an
475 3579 546 3658 bac,
561 3603 601 3646 an
616 3581 701 3659 illoc,

315 3665 399 3732 Ibo?
410 3689 549 3753 quonam
559 3667 754 3752 promovebo
763 3663 901 3752 pedem?
911 3665 1041 3732 ubinam
1049 3663 1163 3752 uliquis
1171 3662 1335 3746 deorum,

316 3751 631 3820 Autdaemounobis
645 3750 901 3820 estauxiliator?
1091 3787 1094 3794 v
1261 3761 1332 3821 161

315 3839 348 3901 Ο
361 3837 446 3903 mela
459 3861 532 3926 quar
546 3839 694 3908 attulistis
708 3839 863 3919 Troades,
879 3841 910 3906 Ο

316 3922 409 3990 Malu
444 3949 495 3990 nae
508 3927 655 3993 uttrdistis
670 3923 871 4004 nocumenta,
885 3924 1071 4002 exuereris,

317 3947 522 4078 Perdidistis:
545 4035 609 4080 non
624 4013 759 4100 emplius
774 4011 852 4080 mihi
867 4013 931 4078 vita

317 4097 420 4164 Grata
432 4099 467 4164 iu
482 4097 561 4166 luce.

251 4251 255 4266 ,
316 4181 348 4248 Ο
362 4184 553 4264 calamitose,
568 4183 631 4252 duc
645 4207 706 4264 me,
721 4207 785 4272 pes,
