2882 4858
285 245 347 304 tes
661 202 986 324 tun'1n1n1s

369 409 489 476 Venis?
509 409 627 496 aliquid
642 409 716 472 novi
730 408 809 473 dieis
824 408 865 472 de
880 408 1043 474 hostibus?

370 499 579 572 Cunctanter,
596 517 635 560 an
651 496 774 572 adsunt,
790 509 846 558 sut
860 494 937 581 quid
951 493 1064 560 nudis?

368 582 467 649 Haud
476 583 559 646 enim
571 581 709 646 mendox
720 579 813 644 fuerit
823 581 977 665 proeoonis
987 603 1109 646 sermo:
1135 583 1170 665 (i.
1180 605 1208 648 e.
1220 581 1340 666 Oopreir)

368 671 544 754 Imperator
558 669 640 733 enim
655 681 748 732 antea
761 665 834 730 felix
849 667 985 732 existens

365 755 516 832 Festinat,
533 755 612 818 bene
626 754 700 831 scio,
716 774 774 817 nec
788 773 901 838 parvos
914 754 1036 818 suimus
1049 775 1162 842 gerens

367 842 524 906 Adversus
538 839 686 904 Athenas.
731 840 791 904 Sed
806 838 934 924 spiritus

365 927 468 992 Nimis
482 926 632 1012 superbos
642 925 767 1011 Jupiter
780 927 882 1009 punit.

278 1013 458 1083 usuvenit
472 1013 625 1078 exercitus
642 1011 778 1099 Argivus
792 1023 824 1076 et
838 1011 1031 1098 Eurystheus
1045 1035 1120 1078 rex:

364 1099 435 1194 Ego
450 1121 521 1164 eum
538 1099 604 1184 ipse
617 1098 699 1162 vidi:
722 1109 848 1181 oportet
860 1098 942 1161 euim
958 1099 1072 1181 virum,

362 1185 428 1262 Qui
443 1185 520 1250 dicit
533 1207 566 1248 se
581 1199 664 1249 recte
678 1183 794 1248 beilum
809 1182 1027 1248 administrare
1040 1189 1129 1264 seire,
1285 1193 1339 1250 090

362 1271 437 1336 Non
452 1293 508 1358 per
523 1271 654 1336 nuncios
668 1270 774 1334 videre
787 1268 904 1335 hostes.

362 1357 400 1423 In
416 1357 473 1421 hos
485 1369 592 1420 tamen
606 1369 700 1422 terrae
713 1375 842 1440 campos
857 1356 997 1420 nondum
1012 1357 1142 1422 immisit

363 1443 555 1520 Exercitum,
572 1441 660 1506 coiiis
673 1441 839 1528 supercilio
853 1443 1017 1506 considens

363 1527 665 1613 Speculatur,-hoo
679 1529 736 1594 tibi
751 1549 792 1592 ex
808 1529 989 1613 conjecturs
1003 1529 1131 1604 dico,-

361 1615 436 1692 Qua
450 1616 499 1679 via
513 1635 598 1678 nunc
611 1617 783 1679 exereitum
800 1627 954 1678 sumntum
969 1615 1036 1679 siue
1049 1615 1162 1699 praeiio
1176 1615 1313 1690 sddoost,

361 1701 404 1765 Et
418 1701 449 1764 in
465 1713 534 1765 tuto
545 1699 679 1766 coiiocnt
692 1700 744 1765 hio
758 1700 836 1788 egri.
1289 1729 1294 1744 ·

360 1786 438 1851 Meu
451 1786 577 1872 quidem
593 1787 699 1850 omnis
713 1799 797 1851 reete
809 1798 883 1850 sunt
890 1787 958 1872 jam
973 1788 1159 1853 eonstituts:

358 1872 402 1937 Et
415 1871 490 1936 urbs
505 1873 538 1936 in
552 1873 647 1937 ermis
661 1885 694 1938 et
709 1872 817 1937 hostiae
831 1885 950 1956 perstae

359 1960 450 2034 Sunt,
466 1959 579 2044 quibus
594 1959 664 2023 Diis
678 1958 734 2022 has
746 1971 871 2043 oportet
884 1958 1051 2037 immolari,

356 2045 528 2110 Lustratur
543 2056 646 2110 sutem
661 2045 771 2110 civitas
785 2067 804 2108 s
817 2044 951 2126 vatibus,
1283 2051 1339 2108 40⁰

357 2133 603 2217 Auerruncuque
617 2129 753 2195 hostium
767 2142 800 2196 et
810 2131 882 2196 urbi
898 2130 1065 2196 sulutifera.

356 2217 476 2281 Omnes
489 2234 594 2280 sutem
610 2229 694 2281 nutes
707 2216 907 2282 oraculorum
922 2235 1116 2305 congregans
1131 2217 1164 2280 in
1180 2237 1274 2281 unum

355 2299 523 2387 Exploravi
539 2317 570 2367 et
583 2303 710 2391 vulgatu
723 2315 754 2368 et
768 2325 884 2368 arcens

353 2385 471 2451 Vetere
484 2387 621 2467 orueuls,
636 2389 783 2454 saluteris
798 2389 870 2453 huic
884 2403 987 2454 terroe.

352 2473 395 2537 Et
409 2473 441 2536 in
455 2474 576 2538 coeteris
590 2475 716 2561 quidem
731 2476 816 2539 rebus
828 2476 952 2540 diversa
964 2490 1036 2540 sunt
1050 2473 1251 2540 oreouiorum
1421 2503 1422 2542 t

354 2557 476 2624 Mults:
499 2581 564 2625 uns
577 2581 650 2624 vero
664 2562 696 2626 in
707 2583 740 2624 re
753 2563 895 2626 omnium
910 2562 1019 2626 eudem
1028 2562 1146 2626 eminet
1160 2559 1320 2626 autentis:

353 2644 497 2710 Msctnre
506 2646 621 2732 jubent
635 2668 673 2710 ne
689 2647 839 2732 virginem
856 2647 970 2733 pueliae

352 2731 484 2809 Cereris,
497 2753 568 2818 quse
582 2733 622 2798 sit
634 2753 675 2796 ex
693 2745 794 2798 mstre
807 2734 908 2798 nobili
922 2745 1004 2799 uste.

348 2819 421 2904 Ego
435 2840 509 2882 vero
525 2819 625 2883 hsbeo
639 2819 776 2905 quidem,
792 2835 828 2884 ut
842 2819 939 2898 vides,
954 2819 1238 2906 promptitudinem

350 2902 484 2968 Tantum
501 2925 576 2992 erga
589 2927 661 2969 vos:
685 2905 780 2970 iiiism
796 2927 870 2970 vero
885 2927 987 2992 neque
1001 2928 1103 2970 meum
1118 2905 1267 2982 notitiam,
1277 2911 1333 2968 410

350 2989 461 3075 Neque
475 2991 571 3055 alium
587 2992 701 3054 civium
719 3013 859 3056 meorum
874 3013 984 3080 eogsm

347 3074 536 3140 Nolentem:
560 3075 665 3142 volens
678 3100 753 3141 vero
768 3079 838 3164 quis
852 3079 932 3144 adeo
945 3077 1068 3162 desipit,

348 3159 413 3236 Qui
428 3160 625 3228 charissimos
640 3163 754 3228 liberos
768 3185 808 3227 ex
822 3165 966 3229 monibus
981 3167 1024 3228 od
1045 3185 1143 3230 necem
1156 3164 1234 3230 dere
1246 3158 1334 3228 velit?

348 3245 391 3310 Et
406 3268 490 3311 nunc
503 3248 749 3314 discordantium
765 3264 868 3314 ooetus
883 3249 999 3327 videus,

348 3331 475 3396 Horum
490 3333 615 3419 quidem
631 3335 814 3416 dicentium,
829 3334 915 3422 quod
928 3356 1056 3423 equum
1068 3337 1109 3400 sit
1123 3335 1296 3422 hospitibus

347 3419 547 3504 Suppiioihus
561 3443 653 3506 opem
669 3419 761 3500 serre,
776 3421 910 3486 uliomm
924 3444 999 3487 vero
1013 3421 1177 3488 stultitiam
1193 3445 1292 3488 meum

345 3505 580 3571 Aecussntium.
626 3507 695 3572 Nisi
710 3529 783 3572 vero
799 3507 859 3572 hoc
872 3525 1105 3594 oompesouem,

344 3589 468 3656 Bellum
482 3591 688 3658 domesticum
698 3595 764 3679 jem
781 3608 986 3680 praeparetur.

343 3675 428 3741 Hoeo
442 3677 539 3764 igitur
552 3691 587 3743 tu
602 3679 718 3745 videet
732 3679 824 3745 simul
838 3683 996 3769 excogita,
1012 3681 1174 3767 quomodo

342 3762 359 3826 I
382 3764 469 3850 siquo
482 3765 657 3844 servemini,
672 3777 704 3831 et
718 3765 788 3830 haec
802 3768 899 3855 regio,
1276 3775 1335 3834 tw

341 3862 387 3997 Νι
399 3871 460 3936 ego
472 3871 538 3950 pon
552 3851 673 4003 ciuiurpl
680 3853 783 4002 gretip
787 3853 951 4004 kencliadum.
1009 3941 1073 4005 ob·
1146 3966 1157 3982 0

340 3949 994 4109 stitihh‘ii‘di'h‘jiduhffmm
1051 3953 1156 4006 ‘¹⁰⁶⁰'

252 4105 384 4172 cuodt
395 4125 576 4193 promptum
590 4109 772 4176 existentem
787 4133 851 4176 non
867 4111 942 4176 sinit
955 4112 1033 4178 deus

276 4277 281 4284 ἢ
340 4189 531 4295 Hospitihus
538 4217 632 4280 opem
642 4195 724 4262 ferre
736 4197 819 4262 huno
828 4197 986 4299 oinitstern
994 4199 1138 4300 quemvis
1148 4202 1331 4288 cupientem.

234 4295 317 4366 ,(οι.
333 4277 365 4342 0
381 4277 448 4358 flht,
463 4282 578 4347 simules
593 4304 700 4348 smnus
715 4284 944 4370 nsvigsntrbus,
959 4305 1014 4372 qm
