2862 4864
482 233 494 246 ¹
629 206 959 277 EURIPIDIS

338 379 382 445 Et
393 379 451 443 sim
465 380 622 464 particeps
635 382 797 444 modam
810 380 915 446 Vece-

337 467 391 542 τίς,
406 463 644 530 immoderatum
658 488 734 530 vcro
750 466 908 552 rejicicm!
1128 469 1132 475 ’
1234 543 1240 552 Ι

337 553 472 618 Diversa
485 553 813 640 cutomcuntingcnia
827 553 1019 630 mortalium,
1248 555 1338 638 (ont.)

334 636 515 727 ¹Dissimiles
529 639 622 701 etiam
638 649 703 702 eunt
720 638 876 703 morium:
899 661 968 704 mcc
983 661 1059 703 vcro
1073 659 1141 704 rcc-
1278 649 1339 706 550
1422 642 1423 724 i

338 739 400 800 tus,
414 723 534 788 bonum
548 734 592 788 est
605 722 805 788 manifestum
820 747 953 810 semper.
1422 729 1423 742 ¹

341 810 384 874 Et
397 809 542 874 educatio
556 823 641 874 recte
655 810 820 874 Instituens

341 895 480 960 Multum
495 894 617 959 confert
631 895 671 959 ad
687 896 853 966 virtutem:

341 981 468 1048 Etenim
483 981 581 1044 vereri
597 980 712 1065 aliquid
729 982 910 1067 Sapientioe,

342 1067 456 1132 Parem
470 1066 510 1131 cd
526 1089 629 1130 mores
643 1067 848 1132 emolliendus

340 1153 483 1218 Gratiam
498 1165 531 1217 et
544 1165 649 1218 mente
663 1154 840 1238 perspicere

342 1238 503 1316 Officium,
518 1238 574 1303 ubi
588 1237 671 1303 fama
685 1238 776 1306 affert

342 1324 486 1390 Gloriam
502 1345 567 1388 non
582 1339 791 1390 senescentem
806 1327 889 1390 vito.

342 1409 381 1476 Μ
447 1431 500 1473 um
515 1408 665 1495 quiddam
681 1421 725 1474 eat
740 1414 845 1476 venari
860 1411 1019 1490 virtutem,

342 1495 405 1560 Mu
417 1495 533 1560 ictibus
546 1494 673 1582 quidem
689 1497 722 1560 in
739 1496 842 1562 Veno-

343 1604 378 1646 re
392 1581 515 1646 occultu
528 1582 603 1646 viris
618 1603 692 1645 vero
706 1595 817 1647 contra

342 1666 484 1753 Populus
499 1665 603 1753 polam
619 1667 728 1732 videns
742 1669 925 1734 innumerus

344 1751 383 1818 In
400 1755 499 1838 majus
514 1753 626 1818 iterum
640 1767 746 1840 auget.

342 1838 468 1916 Quibus
481 1839 641 1926 neglectis,
658 1842 688 1904 Ο
703 1838 804 1914 Paris,
820 1853 855 1904 tu
869 1839 1001 1904 nimium

345 1927 455 1991 Pcatcr
469 1925 620 1990 educatus
634 1947 666 1989 es
680 1925 833 1991 candidos

343 2009 443 2095 Apud
458 2010 561 2076 Idaeoc
576 2010 699 2088 vituios,

344 2096 472 2161 Conona
487 2097 668 2160 barbaricos
683 2095 805 2173 modos,
823 2094 967 2182 Phrygiis

344 2181 509 2247 TIbiarum
527 2181 657 2268 Olympi
671 2181 799 2246 calamia

344 2267 558 2332 Imitationem
573 2267 698 2332 faciens.

344 2351 535 2418 Mammocaa
548 2376 624 2418 vcro
637 2352 733 2418 boves
746 2353 966 2438 pascebantur,

344 2438 483 2516 Quando
499 2454 531 2504 te
543 2440 671 2504 dearum
680 2438 836 2523 judicium
850 2437 1033 2524 expectavit,

345 2523 443 2601 Quod
457 2538 489 2589 tc
504 2527 537 2589 iu
551 2525 709 2590 Graecicm
727 2525 810 2588 misit

344 2613 428 2677 Ante
442 2610 595 2676 eburneas

344 2695 478 2774 Domos,
494 2697 549 2762 ubi
566 2695 702 2762 Helena

346 2783 385 2847 lo
401 2781 547 2847 adversos
560 2782 667 2848 oculos
681 2801 820 2846 amorem
834 2779 978 2866 injecisti

347 2870 466 2934 Amore
480 2890 553 2934 vcro
567 2883 601 2932 tu
616 2870 683 2953 ipsc
696 2871 859 2954 perculsus
874 2889 917 2932 cc.

347 2953 445 3020 Unde
458 2954 617 3019 discordia
630 2952 787 3018 discordia

347 3041 505 3110 Graeciam
522 3063 594 3104 cum
612 3039 707 3104 haatia
721 3053 754 3104 ct
766 3037 899 3104 navIbua
912 3037 1000 3103 ducit

347 3125 401 3190 Ad
416 3124 575 3212 Pergama
590 3126 709 3210 Trojoe.

348 3209 396 3288 Ic,
411 3211 453 3288 io,
1108 3213 1175 3294 (sir.
1188 3213 1240 3290 2.)
1276 3220 1356 3278 ,680

348 3295 486 3397 Magum,
495 3315 681 3385 magnorum
695 3307 765 3363 attat
778 3295 951 3360 felicitates.

349 3381 398 3446 Re
446 3385 556 3468 fliam

347 3469 385 3532 Vi
409 3481 459 3533 etc
473 3468 682 3556 lphigcuiam,
698 3468 840 3568 reff'nam
854 3487 967 3542 maana,

347 3553 391 3618 Et
406 3553 681 3640 Ciytoemnactrcm
695 3553 793 3618 diuam
808 3551 981 3652 Tyndarei,

348 3638 521 3716 Quomodo
535 3661 577 3705 ex
591 3640 713 3728 mugnis
726 3640 909 3726 parenubuc
923 3650 1007 3704 noto
1020 3647 1094 3700 aunt

349 3724 393 3790 Et
406 3724 447 3790 ad
461 3725 618 3810 prolixam
634 3738 751 3790 evcctoe
765 3721 947 3790 fortunam?

348 3811 492 3876 Deorum
508 3811 579 3876 Ioco
593 3824 668 3876 sunt
681 3824 834 3896 potentes,
845 3822 877 3876 ct

349 3895 461 3962 Minus
474 3896 574 3962 beotia
587 3897 779 3964 mortaIIbuc.

350 3981 579 4064 consistamus,
594 3984 642 4047 iic
659 3983 688 4049 0
703 3981 864 4048 Chalcidis
879 3981 954 4044 ffliae
967 3977 1117 4060 alumnae,
1208 3985 1292 4068 (cat.
1308 3985 1361 4068 2.)

351 4066 508 4152 Reginam
1292 4079 1365 4138 590

350 4151 556 4238 Excipiamua
569 4175 667 4221 curro
681 4152 722 4218 dc
734 4175 799 4230 suo,
814 4173 879 4219 non
894 4151 1025 4230 lubrico,
1041 4153 1088 4237 (in
1102 4155 1249 4234 terram)

351 4236 480 4306 Placide
493 4261 579 4318 vcro,
593 4261 744 4306 manuum
758 4254 866 4306 tenera
879 4237 997 4319 iudoie,
