2862 4864
665 194 976 263 EURIPIDIS

364 373 435 437 Non
452 393 577 458 possum
592 373 733 458 equidem
749 373 808 437 tibi
829 385 998 458 praeetme:
1020 395 1094 458 qnae
1116 374 1203 440 enim

364 459 512 609 Rexii'di'
529 458 703 630 uddiieigitur
719 569 779 675 ego
801 567 914 630 poenee
935 544 1020 610 dabo
1041 545 1203 610 medorum
1227 598 1232 609 .

363 718 413 779 An
429 651 853 782 tgiiieirodniiiictidvriiordet?
889 719 931 781 At
944 718 979 780 in
993 717 1215 801 complexibus
1249 706 1276 722 “
1409 713 1410 746 ³

365 802 548 868 Formosam
563 805 728 891 conjugem
744 803 789 866 vie
802 803 924 868 ratione
938 815 1121 888 oontempte
1409 803 1410 832 ¹

365 887 409 954 Et
437 889 609 967 honestate,
639 888 775 954 hebere?
812 889 964 953 Hominis
994 888 1069 952 meli
1097 890 1192 955 mniae
1217 943 1277 987 ,τ
1409 893 1410 922 r

450 976 594 1060 Iuptetes.
1409 979 1410 1010 ³

303 1119 305 1127 .
365 1061 462 1138 Quod
477 1083 551 1126 vero
565 1084 625 1146 ego
638 1083 702 1126 non
718 1072 805 1126 reete
819 1062 905 1147 prius
919 1061 1067 1138 sentiens,
1085 1063 1219 1128 sentent}

450 1148 544 1212 tarint
557 1148 740 1232 prudenter,
1240 1146 1260 1158 “

366 1235 415 1298 An
430 1233 577 1298 insanio?
599 1249 632 1299 tu
647 1235 756 1316 magis,
772 1234 836 1320 qui,
852 1234 964 1297 emissa
975 1233 1060 1298 mele
1073 1235 1219 1322 conjoge,

366 1318 446 1383 Eam
461 1320 668 1404 recipereris,
686 1320 758 1384 Deo
771 1319 829 1384 tibi
842 1317 1000 1383 fortunam
1011 1320 1185 1384 secundem
1200 1319 1220 1384 l.
1243 1313 1290 1335 '¹'

365 1405 502 1474 Quando
510 1407 696 1490 juraverunt
708 1405 871 1490 Tyndarei
885 1404 963 1468 iliud
973 1405 1199 1492 jusjurandum
1273 1410 1292 1423 '
1409 1429 1410 1460 t

288 1565 293 1570 Ι
367 1491 560 1574 Nuptiarum
575 1491 682 1576 cupidi
697 1492 808 1555 Proci:
834 1491 911 1575 Spes
925 1513 999 1556 vero
1013 1491 1121 1568 credo,
1137 1492 1209 1557 Deo

366 1575 418 1641 Ad
426 1577 640 1661 praestandum
650 1578 750 1664 magis
760 1577 867 1663 adegit
878 1592 919 1654 te,
931 1599 996 1641 non
1008 1576 1072 1654 Tu,
1085 1591 1142 1644 eut
1151 1593 1216 1643 tum

366 1663 456 1738 Quos
470 1685 629 1728 assumens
642 1663 758 1727 bellum
775 1663 945 1750 aggredere
958 1663 1064 1741 credo,
1081 1686 1148 1748 quo
1163 1687 1215 1730 eos

451 1763 551 1838 egunt
564 1750 715 1814 mentium
729 1749 945 1814 deliranones:

370 1836 444 1900 Non
460 1837 544 1900 enim
559 1857 673 1902 excors
687 1848 733 1901 est
748 1835 884 1911 Numen,
901 1835 955 1900 sed
970 1835 1148 1920 intelligere
1161 1849 1222 1920 pot

367 1922 456 1988 Male
469 1935 595 2008 pactum
605 1921 827 2008 jusjurandum
842 1933 874 1986 et
887 1944 944 2007 per
957 1923 1020 1986 vim
1035 1935 1208 1986 extortum.

367 2009 438 2096 Ego
454 2030 527 2073 vero
542 2031 606 2072 non
618 2008 800 2072 interficiam
815 2029 900 2072 meos
913 2006 1043 2072 liberos:
1068 2006 1156 2073 unde
1167 2007 1224 2072 gbe
1269 2029 1276 2038 ·
1409 2061 1410 2090 2

368 2094 489 2159 Praeter
497 2096 551 2180 jus
565 2096 635 2171 erit,
651 2094 787 2158 vindicte
803 2095 945 2178 pessimae
959 2094 1113 2242 mingi*
1409 2153 1410 2184 ἶ

368 2180 425 2245 Me
438 2203 513 2257 vero
526 2180 694 2246 conficient
707 2193 813 2245 noctee
828 2180 861 2243 di
917 2201 956 2244 ue
971 2181 1019 2244 Iao
1042 2180 1153 2266 rymis,
1249 2202 1317 2233 *²-
1409 2243 1410 2270 2

367 2267 401 2331 si
415 2265 527 2332 sociem
542 2267 653 2352 inique
665 2277 697 2330 et
711 2267 826 2353 injuste
840 2267 871 2329 in
883 2265 904 2329 l·
947 2288 1008 2342 roe,
1023 2287 1105 2351 quoe
1119 2267 1216 2353 genui

366 2353 452 2416 Hmc
466 2352 523 2417 tibi
536 2375 638 2438 peuce
651 2352 736 2416 dicto
749 2366 824 2417 sunt
837 2365 869 2416 et
883 2352 977 2428 clere,
993 2365 1026 2416 et
1038 2350 1163 2416 fecilior

369 2437 465 2514 Quod
481 2438 507 2502 si
522 2460 586 2502 non
603 2441 649 2502 vie
663 2460 782 2524 repere,
797 2461 857 2524 ego
871 2461 941 2503 mee
956 2450 1040 2502 recte
1053 2439 1186 2504 curem.
1251 2466 1266 2479 ·

282 2543 357 2586 cuo.
372 2524 417 2588 Hi
431 2523 595 2588 dissimiles
608 2537 681 2589 eunt
694 2524 782 2608 prins
796 2525 889 2589 dictis

368 2610 584 2687 Sermonibus,
598 2613 699 2694 probe
712 2625 814 2676 eutem
831 2610 959 2686 hebent,
974 2622 1011 2674 ot
1024 2625 1177 2694 petentur
1187 2609 1229 2676 lit·

281 2695 455 2774 nmileo,
473 2697 534 2760 hen
548 2695 554 2758 Ι
579 2717 643 2761 non
660 2698 756 2784 igitur
770 2695 872 2760 habeo
885 2697 981 2760 miser
993 2697 1136 2762 amieos?

281 2801 355 2844 noe.
365 2783 442 2859 Into,
458 2783 594 2847 simodo
609 2804 672 2846 non
691 2785 737 2846 vie
751 2781 882 2867 perdere
896 2783 1022 2846 amIeos.
1305 2841 1324 2854 ,

280 2867 435 2934 reemUbi
450 2891 524 2933 vero
537 2869 681 2934 ostender
695 2867 779 2954 qood
796 2871 837 2932 sie
850 2891 891 2932 ex
904 2867 1015 2933 eodem
1031 2881 1125 2952 petre
1140 2883 1231 2935 notor
1259 2916 1269 2929 -
1409 2867 1410 2898 ³

280 2971 357 3015 eoi.
367 2953 451 3018 Volo
465 2969 568 3019 tecum
583 2977 702 3040 repere,
718 2954 771 3018 sed
788 2975 850 3018 non
865 2954 956 3019 simul
971 2953 1085 3018 furere.

280 3039 467 3126 nnmAtqui
483 3055 607 3126 oportet
621 3041 737 3106 amicos
751 3061 824 3104 eom
838 3040 944 3104 mnieis
958 3039 1070 3104 dolore
1084 3062 1245 3106 common
1323 3117 1328 3124 Ι

278 3144 356 3188 Aoi.
368 3124 468 3190 Mone
483 3148 534 3190 me
548 3127 711 3204 beneficio,
727 3126 781 3190 sed
797 3148 861 3191 non
877 3124 987 3190 dolore
1000 3125 1154 3192 efficiens.
1261 3184 1291 3201 ,,
1409 3139 1410 3172 ³

277 3213 485 3276 termnum
500 3212 558 3276 tibi
573 3212 696 3276 ridetur
709 3213 741 3275 in
758 3212 806 3276 his
817 3211 1024 3277 laborandum
1038 3234 1194 3278 eeeecnm
1207 3223 1246 3278 t..
1409 3233 1410 3256 ¹

280 3315 356 3360 nee.
368 3297 495 3361 Greeein
509 3319 585 3362 vero
598 3321 618 3362 e
631 3299 736 3362 neseio
750 3320 815 3385 quo
829 3297 991 3385 lymphato
1005 3298 1081 3364 Deo
1096 3313 1204 3364 teenm
1220 3323 1248 3362 ι..
1273 3368 1284 3379 ,
1299 3373 1311 3384 .
1409 3323 1410 3336 ¹

281 3381 422 3447 nemTu
436 3383 670 3468 glorierenune
684 3405 792 3472 regno,
809 3383 946 3470 prodens
961 3398 1052 3448 tuum
1065 3383 1220 3452 stenem:

368 3467 439 3556 Ego
453 3490 528 3534 vero
543 3469 582 3534 ed
598 3469 676 3534 olim
690 3485 772 3534 artes
786 3491 837 3536 me
851 3468 1020 3545 oonsmem,

370 3555 414 3620 Et
428 3555 469 3619 ed
484 3555 564 3620 alios
579 3557 708 3621 amicos.
752 3577 835 3622 nnn.
858 3555 891 3624 O
906 3577 963 3622 rex
979 3556 1127 3622 omnium
1144 3559 1252 3626 Gne

366 3635 599 3729 Agamemnon,
614 3642 725 3708 adeum
738 3642 899 3708 adducens
912 3643 969 3706 tibi
984 3657 1072 3706 tuem
1087 3643 1200 3724 Iiliem,

363 3725 472 3805 Quem
487 3725 686 3815 Iphigeniam
701 3728 777 3794 oIIm
791 3729 959 3794 nomiomti
974 3729 1007 3791 in
1021 3728 1161 3795 mdibns.
1339 3769 1410 3798 -..r

365 3815 470 3878 Meter
484 3826 588 3878 entem
604 3816 782 3893 eomitetur‚
797 3828 852 3880 tue
865 3815 984 3900 conjux
1001 3813 1240 3899 cIytaemnesu.

366 3897 410 3962 Et
422 3899 506 3964 filim
521 3899 666 3966 Orestes:
690 3914 726 3965 ut
739 3901 902 3966 delecteris
915 3916 1087 3984 conspectu
1103 3904 1218 3978 Inna,

364 3982 437 4047 dem
453 3986 573 4071 pridem
589 4009 609 4050 n
624 3988 682 4052 rete
695 3985 816 4052 edibus
829 4008 961 4073 peregre
975 4007 1084 4073 egene.

368 4069 431 4135 sed
445 4072 519 4156 quie
533 4072 663 4157 longum
677 4074 735 4137 iter
747 4071 900 4152 fenerent,
915 4073 955 4136 ed
970 4073 1144 4157 limpidum

367 4154 502 4220 Fontem
517 4158 663 4223 reficiunt
676 4157 839 4224 foemineoe
852 4158 959 4244 peden,

364 4239 512 4334 Ipseque
525 4258 557 4309 et
571 4265 678 4334 equor:
701 4247 735 4310 in
748 4267 880 4333 gromen
896 4265 971 4310 vero
985 4257 1157 4332 protorum

1306 3028 1351 3042 ..-
