2862 4864
253 199 318 258 που
635 183 963 274 EURIPIDIS

254 361 518 444 nunnunquam
533 378 574 422 ex
588 378 668 445 agro
681 367 781 422 nortro
794 353 877 424 filios
891 355 1086 444 Argivorum
1099 357 1236 428 auferes.

254 469 333 514 nnn.
346 446 441 514 Nune
456 465 507 508 me
521 465 647 530 quoque
661 441 795 510 vicissim
809 441 1008 522 audistine
1285 454 1358 517 570

254 532 498 601 eunonium:
521 529 616 596 etiam
630 543 757 616 oportet
770 531 892 594 dicendi
904 527 982 595 dure
995 531 1105 596 vinem.

253 643 335 687 rue.
346 617 502 704 Sepeliaur
517 618 678 695 cadavera,
695 613 838 682 auferens
852 639 893 682 ex
907 629 992 682 terra
1007 615 1174 684 'I‘nebaua

253 705 401 775 must
414 703 472 768 tibi
486 703 575 789 priua
589 701 832 788 periclitandum
846 725 918 770 oum
933 704 1084 770 exercitu.

253 816 337 861 nna.
345 789 469 856 Multos
483 789 560 854 alios
574 789 697 854 laboret
711 809 810 854 saevos
819 790 888 875 jam
901 788 1046 858 sustinui.

253 879 395 947 main
409 897 484 940 vero
497 887 589 960 pater
602 887 670 940 trau
684 887 716 939 te
728 875 839 975 genuit
852 875 908 954 ita,
925 889 961 940 ut
975 876 1122 942 omnibus
1134 873 1300 944 iuffioiaa?

253 988 334 1033 nun.
342 963 510 1050 Quotquot
521 973 591 1027 sunt
604 961 761 1112 improbi:
784 961 901 1046 probos
915 963 999 1030 eninr
1016 985 1082 1028 non
1096 965 1258 1049 punimus.

253 1051 437 1135 nan.Saepe
451 1061 486 1113 tu
499 1048 601 1113 multa
613 1071 649 1114 ao
661 1071 693 1114 ea
706 1047 818 1126 facere,
833 1064 865 1114 et
879 1061 935 1116 tua
947 1048 1068 1114 civitae.

253 1160 333 1205 rua.
342 1135 431 1222 Ergo
444 1137 601 1205 sustinens
614 1135 732 1200 multos
746 1134 871 1200 iabores
885 1146 932 1200 eet
947 1135 1038 1206 valde
1052 1135 1155 1202 beate.

254 1222 435 1302 ena.Veni‚
449 1235 486 1288 ut
499 1235 530 1286 te
544 1221 635 1291 haste
648 1220 801 1287 Thebana
816 1224 848 1286 io
864 1243 943 1310 agro
957 1223 1073 1308 capiat.

253 1333 333 1378 naa.
342 1309 423 1378 Quis
436 1329 511 1372 vero
525 1330 567 1372 ex
580 1308 718 1376 dracone
732 1306 824 1374 Mars
837 1307 1031 1394 impetuosus
1044 1309 1176 1374 existere
1190 1307 1325 1396 potest?

253 1393 395 1468 naa.Tu
408 1393 579 1480 experieris
593 1393 761 1478 patiendo:
783 1415 870 1460 nuno
884 1393 1130 1462 enimesferox.
1284 1403 1354 1462 581

197 1477 205 1500 '
254 1506 336 1551 uun.
342 1479 445 1546 Haud
458 1503 510 1546 me
524 1479 675 1558 movebis,
692 1493 727 1546 ut
742 1481 859 1546 irasoar
873 1482 991 1558 anImn,

340 1566 421 1630 Tuis
435 1567 581 1651 superbis
594 1567 709 1634 verbio.
739 1569 785 1632 At
799 1589 840 1632 ex
855 1567 910 1636 troc
922 1589 1001 1654 agro
1015 1566 1153 1648 diseede,

342 1651 493 1718 Refereua
509 1652 562 1718 iila
577 1654 684 1724 inania
697 1653 793 1718 rerba
807 1677 880 1738 quae
893 1653 1044 1720 attulisti:

341 1739 431 1802 Nihil
445 1739 530 1804 enim
544 1738 705 1804 effecimus
719 1741 918 1824 colloquendo.
945 1738 1079 1806 Movere
1093 1752 1220 1828 oportet

341 1824 462 1890 Omnes
476 1824 607 1910 pedites,
622 1841 655 1890 et
669 1828 862 1894 inseenaores
875 1848 1037 1906 curruum,

341 1910 550 1998 celerumque
563 1935 717 1998 equorum
733 1934 859 1978 morere
872 1913 951 1990 lora,
967 1935 1003 1977 oa

340 1997 462 2082 Spuma
475 1997 672 2079 distillantia,
685 1998 717 2062 in
735 1998 909 2066 Cadmeam
924 2011 1050 2064 terram.

341 2083 527 2150 Proficiacar
541 2085 626 2148 enim
640 2085 682 2149 ad
697 2097 815 2170 septem
829 2100 938 2169 portas
954 2083 1070 2152 Cadmi

338 2169 413 2252 Ipse
426 2182 536 2235 tenens
549 2169 669 2234 ferrum
683 2187 813 2236 acutum
827 2173 861 2234 iu
876 2171 1023 2236 manibus
1285 2183 1354 2242 ⁵90

339 2255 384 2320 Et
397 2257 464 2340 ipse
477 2277 595 2340 proecp.
639 2257 716 2323 Tibi
730 2280 808 2332 vero¹
822 2257 938 2324 mando
952 2271 989 2323 ut
1000 2279 1138 2336 maneas,

340 2341 487 2419 Adrasto,
502 2342 628 2407 etmihi
642 2366 707 2406 non
721 2343 843 2411 affrices
858 2343 1017 2412 fortunam

340 2425 464 2492 Tuam:
486 2450 547 2515 ego
561 2431 645 2492 enim
659 2451 732 2494 eum
747 2451 818 2496 urea
829 2429 958 2496 fortuna

339 2513 519 2597 Imperator
532 2536 589 2579 ero
602 2515 724 2602 integer
739 2516 772 2580 in
787 2517 851 2582 inte
892 2541 912 2581 o
925 2517 1080 2582 exercitu.

340 2599 416 2666 Una
431 2621 466 2664 re
479 2603 582 2666 solum
596 2616 644 2665 eet
659 2601 736 2666 mihi
751 2625 841 2686 opus,
879 2603 973 2668 abere
987 2601 1073 2680 deos,
1089 2617 1248 2690 quotquot

338 2687 498 2751 Jnatitiam
514 2687 641 2752 colunt:
665 2687 736 2754 hren
749 2689 834 2752 enim
848 2690 875 2754 ei
889 2691 953 2754 sint
967 2688 1060 2754 simul

338 2771 430 2837 Dant
445 2773 625 2838 victoriam:
649 2796 723 2840 nam
740 2775 850 2842 Virtus
865 2775 943 2840 nihil
959 2775 1088 2860 prodeat

342 2857 549 2938 Hominibus,
565 2860 626 2924 nisi
641 2860 750 2926 Deum
765 2861 919 2927 foventem
935 2861 1064 2928 habeat.

253 2942 374 3011 su.I.0
387 2945 511 3010 miserae
526 2961 642 3012 matres
656 2948 841 3012 miserorum
856 2946 987 3025 ducum,
1216 2954 1286 3034 (etr.
1305 2953 1352 3030 1.)

340 3028 388 3094 Ut
404 3029 480 3096 mihi
495 3031 632 3117 pallidus
647 3046 748 3098 metus
763 3034 822 3098 sub
838 3035 951 3118 hepate
965 3044 1091 3098 mortem
1105 3033 1236 3102 turbat!
1283 3047 1352 3104 600

253 3115 447 3192 sn.2.Quam
461 3139 577 3184 novam
593 3142 700 3184 vooenr
716 3119 798 3184 hanc
812 3119 936 3186 ausos?

215 3283 223 3296 ι
252 3201 508 3268 aa.l.Exercitua
521 3203 648 3290 quidem
665 3205 805 3272 Palladis
819 3203 987 3272 cernetur?

252 3289 484 3356 ammiane
497 3288 615 3368 deiad,
630 3313 672 3356 an
687 3293 856 3358 verborum
872 3297 1084 3358 commercio?

251 3374 507 3457 etthOptiuturu
522 3377 556 3444 id
571 3376 670 3454 foret3
692 3379 749 3446 aed
763 3379 846 3446 ferro
862 3392 995 3463 patrate
1010 3379 1124 3458 tedet,

338 3461 443 3548 Pugni
458 3475 491 3530 et
503 3463 814 3553 pectus-plangentes
827 3488 885 3552 per
898 3466 969 3532 loca

267 3593 276 3604 ·
337 3547 458 3614 Iterum
471 3550 671 3634 apparebunt
683 3553 847 3618 sonitus·
943 3571 946 3579 '

337 3633 371 3699 Ο
386 3634 508 3715 miaera,
523 3658 619 3723 quarn
634 3638 799 3716 rationem,

337 3719 444 3797 Quam
461 3744 587 3789 cauam
604 3723 717 3788 horum
733 3725 908 3810 accipiam?

250 3807 398 3872 ae.9.Sed
414 3807 494 3872 iilud
506 3811 666 3894 prosperis
679 3809 796 3877 elatum
811 3812 839 3879 si
852 3811 959 3899 aliqua
972 3811 1132 3898 deprimat
1205 3817 1287 3899 (unt.
1306 3815 1352 3896 1.)

337 3892 480 3958 Fortuna
493 3917 621 3960 mrem:
644 3895 714 3966 hoec
728 3895 1112 3966 fiduciamecireumdat.
1284 3909 1353 3968 610

250 3977 443 4044 santonos
457 3981 605 4047 nimirum
622 3997 657 4046 tu
672 4004 781 4050 narras
795 3985 893 4056 Deos.

248 4062 477 4140 aaaQuinam
493 4067 579 4132 enirn
589 4067 644 4143 alii
657 4069 840 4156 dispensant
853 4067 1073 4140 calamitates?

249 4148 461 4216 aa.l.MuItas
475 4151 619 4222 Deorum
634 4155 884 4242 dispensationes
899 4157 1083 4227 horninibus
1093 4155 1234 4224 divertat
1244 4157 1353 4226 vuiao.
