2854 4866
541 257 548 264 -
644 213 975 283 EURIPIDIS

361 389 433 478 Ego
450 387 566 460 Phthio
581 404 686 453 tamen
702 391 771 454 veui
786 389 828 454 ad
843 401 873 456 te
887 389 1059 457 Asiaticam
1075 413 1204 478 mucre,

363 479 398 543 Si
412 477 497 563 quod
514 475 571 539 tibi
587 497 709 560 possem
916 515 921 530 ι
1306 487 1365 546 ltu

362 561 549 628 Remedium
565 560 738 626 difficilium
753 561 908 626 malorum
923 563 1074 640 invenire,

363 649 448 727 Quae
463 661 540 725 teet
555 647 765 714 Hermionen]
780 650 812 714 in
829 648 970 714 odiosam
984 650 1088 716 rixam
1104 651 1313 731 incluserunt,

362 734 395 801 0
409 738 533 811 misera,
548 733 588 798 de
603 734 690 799 lectis

363 821 508 888 Geminis
521 821 669 886 lectorem
686 819 870 904 participem

363 907 560 972 Existentem
574 908 658 993 apud
674 905 774 970 filium
791 906 942 972 Achillis:

363 995 527 1083 Cognosce
548 992 718 1070 fortunam,
740 993 883 1078 expende
905 1016 1044 1078 praesens
1068 995 1199 1075 malum,
1223 1000 1257 1063 in
1281 999 1368 1086 qnod

451 1080 546 1145 renis.
1234 1090 1315 1170 (ortt.
1329 1089 1371 1166 l.)

365 1170 446 1232 Cum
460 1167 599 1231 dominis
610 1179 722 1242 certes,

359 1253 515 1324 Existens
531 1252 628 1318 Iliaca
637 1252 754 1338 puella,
769 1252 850 1317 natis
863 1274 905 1316 ex
920 1251 1176 1320 medemena?

367 1339 520 1426 Relinque
535 1340 736 1424 recipientem
750 1361 822 1402 oves
960 1379 964 1386 ·

365 1427 506 1492 Domum
519 1427 650 1490 marinoe
664 1425 750 1488 deoe:
773 1447 920 1510 quoenam
935 1436 979 1490 est
993 1426 1050 1491 tibi
1311 1441 1372 1497 1³0

369 1511 496 1578 Utilitas
511 1510 634 1578 afflicte
648 1533 832 1576 consumere
846 1510 1055 1578 deformatum
1065 1535 1180 1600 corpus

367 1599 505 1684 Propter
519 1597 656 1662 violento
671 1598 803 1683 imperia
817 1597 1042 1662 dominorum?

367 1685 516 1750 Potentia
531 1706 605 1748 vero
619 1683 822 1749 dominorum
837 1685 894 1748 tibi
908 1685 1118 1770 persuadebit.

367 1771 454 1842 Quid
467 1771 624 1836 laboriose
638 1770 813 1850 contendis,
829 1792 900 1835 cum
916 1771 995 1836 nihil
1009 1773 1129 1856 possis?

368 1857 458 1934 Quin
466 1858 523 1936 ito,
533 1858 675 1944 relinque
682 1856 879 1942 splendidam
890 1857 995 1924 sedem
1002 1858 1247 1942 Nerddosdeae,
1256 1867 1375 1950 (seni.)

367 1947 514 2033 Agnosce
527 1967 602 2009 vero
613 1944 700 2030 quod
714 1944 755 2008 sis
770 1944 801 2006 in
819 1946 986 2030 peregrina
999 1957 1094 2023 terrm
1415 1949 1416 1962 ¹

368 2030 506 2108 Ancilla,
522 2031 554 2095 in
570 2032 672 2096 aliena
685 2029 776 2107 urbe,

370 2116 435 2182 Ubi
451 2117 609 2181 neminem
623 2107 709 2182 vides
723 2117 897 2182 amicorum

368 2203 526 2279 Tuorum‚
544 2200 576 2267 Ο
591 2202 812 2282 infelicissima,

369 2287 519 2354 Omodis
534 2289 679 2356 omnibus
695 2289 946 2374 miserasponse.
1317 2309 1378 2365 140

368 2375 491 2439 Venisti
526 2375 622 2453 enim,
659 2375 755 2450 Iliaca
790 2376 913 2454 mulier,
952 2379 1129 2444 miserenda
1164 2385 1209 2446 od
1251 2401 1380 2452 nostrin

453 2459 555 2526 redes:
1231 2475 1314 2554 (mut.
1330 2477 1381 2556 2.)

372 2547 436 2616 Sed
450 2562 535 2614 metu
552 2569 692 2612 meorum
708 2548 910 2614 dominorum

371 2635 486 2700 Sumus
500 2635 608 2722 quieti,
624 2647 711 2699 tunm
726 2637 969 2720 verosortunmn

370 2720 483 2786 Feram
499 2741 572 2787 curn
586 2721 793 2799 miseratione,

373 2806 424 2872 Ne
437 2807 503 2874 filia
516 2807 591 2872 filiae
605 2808 693 2873 Jovis

369 2894 486 2959 Videat
500 2917 551 2960 me
566 2893 623 2960 tibi
638 2893 822 2959 benevolam
837 2917 913 2959 esse.

284 2981 526 3046 nnn.0ruatum
540 3003 709 3046 aureorum
724 2980 910 3046 deliciarum
926 2983 1009 3048 circa
1024 2997 1120 3068 caput

368 3065 412 3132 Et
427 3068 571 3132 vestitum
586 3068 726 3152 corporis
740 3067 827 3133 hunc
842 3068 1001 3134 variorum
1015 3070 1195 3155 peplorum,

369 3152 445 3218 Nou
460 3155 501 3218 sb
518 3153 661 3230 Achillis,
678 3177 781 3239 neque
797 3154 883 3218 Pelei
1415 3221 1416 3226 ,

367 3239 477 3303 Domo
490 3241 644 3324 primitias
657 3241 778 3326 praedae
791 3240 911 3306 hebens
925 3239 988 3308 huc
1003 3244 1099 3320 veni,¹
1323 3259 1386 3319 150

371 3325 433 3391 Sed
450 3349 491 3390 ex
507 3325 646 3391 Lacoena
661 3329 821 3413 Spartana
835 3343 920 3392 terra

370 3411 537 3477 Menelaus
553 3427 641 3498 pater
657 3413 737 3476 mihi
752 3414 821 3480 brec
834 3417 934 3478 donat

370 3497 454 3563 Cum
469 3521 583 3587 magna
595 3500 681 3576 dote,
696 3515 733 3565 ut
748 3502 838 3566 licent
853 3501 951 3566 bbere
966 3499 1062 3588 loqui.

369 3585 469 3650 Vobis
484 3585 581 3672 igitur
596 3587 644 3650 his
659 3588 837 3672 respondeo
851 3588 970 3652 verbis:

369 3671 422 3736 Tu
437 3685 553 3750 autem,
569 3693 642 3736 cum
658 3675 699 3738 sis
714 3695 804 3740 serva
817 3687 850 3738 et
863 3675 987 3760 captiva
1002 3673 1115 3740 mulier

369 3758 427 3824 Vis
441 3759 533 3824 nobis
548 3760 652 3845 ejectis
667 3761 749 3824 aedes
764 3774 872 3826 tenere

370 3844 489 3928 Hasce,
504 3867 573 3911 sum
590 3859 695 3910 autem
710 3847 809 3911 inrisa
825 3847 893 3912 viro
907 3861 1038 3933 propter
1052 3859 1108 3913 tus
1122 3847 1319 3934 pbmmaoa,

367 3931 489 3997 Venter
503 3933 587 3998 euim
601 3933 669 3997 sine
683 3930 761 3998 foetu
776 3945 907 4020 propter
921 3947 952 4000 te
965 3933 1043 4000 mihi
1059 3937 1159 4020 perit:

369 4016 528 4084 Callidum
543 4019 630 4084 euim
643 4031 687 4084 est
701 4020 733 4084 in
748 4019 930 4106 hujusmodi
945 4024 1039 4089 rebus

368 4103 534 4192 Ingenium
552 4106 738 4172 mulierum:
761 4107 909 4194 aquibus
923 4131 984 4196 ego
997 4121 1028 4172 te
1042 4109 1232 4195 prohibebo,
1329 4127 1395 4186 160

368 4189 412 4256 Et
426 4191 505 4256 nibil
519 4207 551 4258 te
559 4193 683 4280 jurabit
696 4195 757 4258 ista
771 4193 883 4260 domus
899 4195 1053 4274 Nereidis,

369 4276 444 4344 Non
459 4301 526 4364 are,
540 4303 604 4347 non
621 4281 784 4366 templum,
800 4279 856 4346 sed
870 4281 1023 4348 morieris.
