2784 4864
258 219 299 278 ὅ,
362 249 368 260 .
629 199 958 270 uun11³1n1s

343 378 493 446 Animam
508 395 602 462 super
618 385 660 454 te,
674 387 708 441 et
720 375 825 442 dicare
835 397 909 464 qna
922 399 983 466 ego
995 375 1079 444 dico.

343 464 430 617 gaze
443 464 526 528 inter
537 461 692 548 lacrymae
704 474 737 528 et
749 462 870 530 luctum
881 477 914 530 et
926 463 1118 532 calamitates

380 550 389 566 '
415 551 436 627 ¹,
450 563 483 614 et
495 569 636 634 reposco,
650 547 784 615 adutem

345 635 513 716 Quaerens,
526 633 611 719 quod
624 655 733 702 omnea
746 648 903 722 quaerunt,
916 648 949 702 et
961 657 1027 702 non
1040 659 1101 726 ego
1113 635 1209 706 uolua.

260 721 531 811 cnoEtegotrbi
544 720 697 806 supplico,
711 741 890 807 quanquam
904 720 1018 788 mulier
1030 723 1102 802 aim,
1284 729 1363 794 670

346 808 494 895 Utjuvea
506 805 624 873 auxilio
637 821 780 894 egentes:
801 828 874 872 nam
890 819 990 892 putee.

261 913 323 960 aa.
346 894 487 972 Orestes,
502 913 563 981 ego
577 913 720 958 tererem
732 905 823 958 mom
837 907 942 978 caput,

347 980 392 1046 Et
403 978 477 1045 volo
490 991 522 1043 te
530 980 642 1064 juvare
655 979 688 1042 in
703 977 793 1042 malis
806 979 889 1042 istis:

348 1065 393 1132 Et
405 1065 629 1149 enimoportet
642 1065 687 1130 sic
700 1077 905 1151 cognatorum
918 1064 1004 1130 mala

349 1151 450 1218 Simul
462 1171 644 1237 procurare,
659 1151 686 1216 ai
700 1149 791 1216 Deua
803 1149 858 1215 det
871 1150 962 1228 virm,

347 1237 453 1303 Etiam
468 1236 653 1301 morientem
667 1248 700 1301 et
713 1247 877 1302 necantem
890 1235 1091 1302 adversarios.

349 1323 398 1390 Ut
410 1323 527 1408 poesim
541 1333 657 1399 autem,
673 1321 705 1386 id
719 1333 793 1407 peto
806 1323 957 1406 consequi
971 1345 991 1388 e
1003 1322 1081 1389 diis:

349 1410 454 1474 Venio
466 1409 550 1472 enim
564 1421 721 1493 sceptrum
737 1407 827 1472 sociis
841 1406 970 1474 viduum

350 1495 492 1570 Habent,
506 1515 613 1560 errant
627 1517 647 1559 a
660 1492 767 1558 multia
780 1493 950 1570 laboribus,

350 1581 434 1647 Cum
448 1581 498 1645 ex'
544 1581 570 1644 ia
582 1579 681 1664 copiis
694 1579 887 1666 reliquorum
901 1579 1007 1644 adbuc
1020 1579 1206 1644 amicorum.
1287 1591 1367 1650 680

351 1667 485 1753 Pugnan
510 1689 531 1730 o
544 1679 649 1731 eutem
663 1687 728 1730 nou
742 1686 868 1750 pcecmn
883 1687 1030 1752 auperare

351 1753 519 1842 Pelasgum
532 1754 653 1842 Argoa:
675 1750 731 1815 sed
747 1765 782 1816 ut
795 1751 944 1816 mollibus
957 1751 1060 1816 verbis

353 1838 522 1916 Poaaimna,
537 1861 576 1904 eo
590 1837 658 1926 spei
672 1838 774 1902 venio.

352 1925 437 1990 Nam
452 1923 613 2011 quomodo
626 1924 733 1989 vineat
745 1923 858 2011 eliquia
871 1943 987 2010 magua
999 1923 1103 2009 parvis

354 2009 593 2076 Facultatibual
614 2009 745 2075 stultum
759 2024 808 2074 est
819 2008 882 2074 boc
896 2009 985 2074 velle.

353 2094 494 2172 Quando
508 2096 593 2160 enim
606 2108 713 2182 turget
725 2093 871 2180 populus,
886 2094 1028 2159 incidens
1040 2092 1075 2158 in
1089 2094 1181 2178 bam,

354 2180 493 2247 Perinde
506 2193 609 2266 potest
621 2181 767 2269 extingui
781 2193 817 2244 ut
830 2179 996 2244 vehemens
1010 2180 1109 2268 ignia:

355 2268 392 2333 si
405 2281 508 2332 autem
523 2267 659 2332 molliter
673 2266 786 2352 aliquia
800 2265 884 2330 ultro
897 2266 927 2330 ei
941 2267 1072 2335 incensu

354 2353 484 2418 Laxans
497 2353 598 2431 cedet,
612 2352 780 2418 observans
793 2365 928 2437 tempus,

356 2437 649 2540 Fortassis-halitum
661 2459 786 2502 omnem
798 2435 958 2504 effuderit:
976 2449 1045 2504 tum
1054 2437 1184 2525 quaudo
1193 2439 1371 2510 remiserit

354 2535 686 2710 Pmssngtfuffiemi'
701 2624 854 2696 quantum
870 2611 926 2676 vis.
1293 2539 1373 2598 690

356 2695 415 2760 Eat
427 2717 513 2760 enun
527 2717 560 2760 ru
574 2717 614 2762 eo
627 2697 796 2775 miseratio,
812 2709 859 2764 eat
870 2709 902 2762 et
913 2717 1029 2786 magna
1040 2695 1216 2776 iracundia,

355 2781 486 2867 Optima
500 2801 552 2847 rea
565 2781 743 2847 observanti
757 2795 909 2868 tempora.

355 2865 483 2933 Vadene
495 2868 508 2931 i
562 2889 603 2932 ue
616 2866 772 2955 Tyndaro
784 2871 924 2935 conabor

356 2950 400 3017 Et
413 2952 539 3019 multitu
565 2955 573 2969 ”
598 2956 608 3019 i
620 2954 819 3040 persuadere,
834 2967 869 3020 ut
882 2955 1034 3040 impetum
1048 2953 1269 3020 moderentur.

354 3037 440 3102 Nam
454 3051 487 3104 et
501 3040 589 3104 navia
603 3041 725 3105 intento
738 3039 890 3106 violenter
902 3041 992 3106 clavo

357 3122 416 3188 Me
455 3125 529 3202 'tnr,
545 3137 577 3190 et
590 3141 697 3191 manet
710 3147 829 3206 mnus,
843 3127 869 3190 ai
883 3125 1001 3192 relaxet
1014 3125 1146 3191 clavum.

357 3145 540 3276 Odilfllleue
553 3211 686 3276 nimium
702 3211 900 3278 vehementes
914 3213 1060 3297 impetun,

355 3295 400 3360 Et
413 3294 548 3362 oderunt
560 3297 659 3364 circe:
681 3311 868 3400 oportetque
881 3320 942 3375 me,
956 3319 1021 3362 nou
1036 3297 1125 3362 aliter
1138 3296 1223 3374 dico,

358 3381 491 3446 Servare
504 3395 536 3446 te
549 3382 727 3469 prudentia,
742 3407 806 3450 non
821 3384 964 3472 ingratiis
979 3383 1204 3468 potentiorum.
1296 3389 1378 3463 'loo

358 3465 536 3554 Pugnando
549 3481 582 3536 te
594 3490 671 3549 non,
687 3485 723 3535 ut
737 3483 771 3535 tu
784 3469 913 3536 fortaaac
925 3483 1029 3555 putat,

358 3553 534 3618 Servarim:
556 3575 622 3620 nou
636 3570 683 3622 eet
695 3555 787 3622 facile
801 3577 865 3622 una
877 3555 967 3620 basta

358 3637 491 3723 Erigere
504 3639 648 3724 tropboea
660 3641 702 3707 de
714 3641 813 3720 malie,
828 3663 902 3730 quae
916 3640 973 3706 tibi
986 3639 1111 3708 admnt.

357 3723 528 3812 Nunquam
544 3727 629 3791 euim
643 3726 714 3792 eliis
728 3727 862 3816 Argivos
873 3727 999 3813 placide

358 3809 657 3898 Compellaaaemus:
680 3834 765 3878 nunc
779 3825 886 3880 eutem
900 3835 1024 3880 nece-e
1037 3825 1085 3878 eat

359 3895 560 3980 Sapientibua
574 3919 642 3964 esee
654 3898 749 3964 cervia
761 3898 905 3968 fortuna

273 3979 615 4130 oaa.0‹fraeterquam
631 3983 671 4048 ad
686 3985 885 4050 militandum
899 3985 1035 4052 mmmm
1048 4005 1159 4058 maaet

358 4067 388 4130 A
422 4067 1379 4159 allabomonihili‚Oignavieeimeadrindicandoaamicos,

359 4151 497 4242 Fugiane
510 4169 665 4222 aversatus
679 4154 754 4222 mei
797 4156 839 4222 Et
853 4180 922 4222 oron
937 4155 1186 4243 Agamemnonis
1200 4155 1381 4232 beneficia

360 4237 555 4306 Suntirtita?
569 4241 799 4364 Opetenluisti
808 4244 876 4310 eine
883 4243 1031 4310 amiciain
1041 4239 1378 4320 tuisaalamitatabu,
