2882 4858
568 231 586 300 1
600 233 689 302 ΟΝ.
1107 241 1166 306 obt

170 405 321 492 Teanpori
336 425 412 470 vero
424 405 640 491 permittente·
652 403 733 484 hec,
744 425 810 472 eom
824 405 953 476 bnaam
967 408 1168 476 inreaiemuo.

169 491 300 570 Verum,
315 490 492 578 relinquent
506 490 557 558 dei
572 491 724 578 templum
739 503 772 558 et
786 505 875 558 tuom
889 491 1029 576 exilium,

170 576 314 643 Athenae
326 597 379 644 eae
391 575 501 644 eodem
516 599 589 642 oum
603 591 693 663 putre
705 579 813 644 animo
828 591 928 660 omno,

170 661 236 728 Ubi
251 675 284 728 te
297 663 424 730 Mum
439 677 598 750 sceptrum
613 675 759 751 expecta
772 665 879 750 patrio,
1102 677 1166 736 500

171 747 214 812 lit
230 769 353 834 mogum
366 771 465 834 opta:
485 771 598 836 neque,
613 749 731 816 utroria
747 750 950 818 incommodo
964 749 1112 820 laborem

171 827 221 900 Ea
234 833 368 913 duobus,
384 833 545 901 vocaberis
559 833 705 924 ignobilia
719 857 900 924 pauperque
913 837 1018 920 timul,

171 919 234 986 Sed
249 919 364 986 nobilio
377 933 408 986 et
422 920 598 1006 amplerum
612 921 701 988 dives
714 943 825 1008 opum.

168 1003 294 1072 Taceo?
313 1027 371 1072 eur
385 1007 418 1072 in
434 1021 548 1072 terrem
563 1007 700 1094 dejectoa
713 1007 822 1074 oculeo
838 1008 943 1088 habea,

172 1089 214 1156 Er
228 1091 267 1158 ed
281 1092 485 1180 cogitandum
501 1093 657 1158 convertis
671 1107 712 1170 te.
727 1108 759 1159 et
773 1115 813 1160 ex
830 1093 940 1164 mutio

169 1176 289 1243 lterum
305 1191 453 1258 mutotne,
469 1192 586 1244 metum
601 1178 703 1265 injicio
716 1177 824 1266 putri?

81 1281 156 1328 ton.
166 1263 242 1328 Non
256 1264 365 1330 eadem
379 1263 497 1351 species
510 1264 634 1330 videtm
649 1287 711 1330 erae
724 1287 842 1344 rerum,

169 1347 253 1425 Qua
268 1349 379 1436 procul
392 1363 467 1418 annt
479 1365 511 1418 et
525 1373 597 1438 quoe
611 1369 652 1416 ex
666 1350 847 1440 propinquo
860 1351 961 1438 spatio
975 1367 1166 1440 spectentur.

170 1433 241 1518 Ego
254 1449 340 1502 certe
352 1435 436 1503 hone
449 1435 610 1503 fortunent
626 1435 724 1502 libent
738 1437 923 1524 amplector,

169 1519 267 1598 Quod
278 1535 310 1588 te
360 1536 439 1588 trem
449 1522 639 1588 invenerim:
656 1521 708 1590 De
721 1523 834 1610 quibua
849 1545 925 1590 vero
938 1525 1085 1614 cogitem,
1102 1533 1166 1592 500

168 1605 267 1672 andi.
346 1607 432 1674 icunt
444 1608 609 1696 indigenae
622 1630 690 1676 eoae

168 1690 305 1780 lnclytaa
320 1691 470 1772 Atheneo,
482 1690 544 1760 hec
558 1694 683 1760 aliunde
697 1694 869 1762 oddnctnm
883 1717 994 1785 garns,

167 1776 246 1855 Quo
259 1778 396 1844 incidam
409 1780 534 1846 dnobus
549 1779 667 1846 morbis
681 1777 838 1860 laborent,

169 1861 266 1930 Patre
277 1865 434 1952 inquilino
447 1877 547 1948 nono,
562 1881 594 1932 et
608 1867 674 1968 ipae
687 1867 803 1932 nothus
818 1867 967 1932 existens.

167 1947 211 2014 Et
224 1947 286 2016 boc
301 1951 420 2018 haben·
434 1951 600 2038 probrum,
614 1951 758 2018 mfirmuo
771 1952 899 2040 quidem
914 1973 1056 2030 monens,

166 2033 211 2100 Et
224 2035 305 2100 nihil
319 2057 448 2102 morena
463 2035 579 2104 nullius
592 2039 684 2124 pretii
698 2037 748 2104 vir
761 2037 916 2104 vocabor:

167 2121 203 2188 Si
219 2143 294 2187 vero
308 2122 494 2209 inprimunt
508 2123 641 2190 civitati·
654 2123 797 2190 ordinem
812 2145 988 2212 properam

166 2207 299 2295 Aliquid
312 2230 379 2274 eote
393 2209 591 2290 contendam,
607 2208 835 2278 etenuioribue
849 2207 978 2297 quidem

166 2291 254 2360 odio
266 2292 473 2360 habebimur:
495 2295 606 2360 odiose
619 2295 702 2362 enirn
716 2307 784 2362 runt
797 2299 986 2382 potentiore,

167 2377 236 2457 Qui
249 2401 324 2446 vero
336 2379 413 2446 boni
426 2383 596 2448 eximentes
610 2395 643 2448 et
655 2381 818 2467 sapientire
831 2403 959 2470 capoees
1101 2387 1165 2446 600

167 2463 301 2546 Tacent,
316 2487 375 2532 nee
389 2467 429 2532 od
444 2469 571 2556 negotia
586 2481 767 2554 properant,

166 2549 280 2617 Risum
293 2551 376 2618 inter
389 2553 483 2640 ipram,
498 2552 650 2654 etultiqne
663 2575 779 2620 nomen
795 2575 977 2640 consequor,

165 2637 234 2716 Qui
248 2659 312 2704 non
327 2638 483 2726 quiescunt
499 2639 531 2704 in
548 2639 672 2704 civitate
687 2639 854 2704 calumnie
869 2640 971 2726 plene.

168 2723 377 2826 Rnnmrero
391 2725 561 2804 clerorum,
576 2739 609 2791 et
626 2723 865 2812 Rempublicam
881 2723 1166 2791 administrantium

249 2831 380 2876 errorum

167 2894 220 2959 Ad
234 2893 418 2984 dignitatem
433 2897 459 2962 ai
473 2899 650 2975 nocendum,
667 2897 766 2988 magio
780 2897 970 2964 oboerrebor

165 2979 342 3070 Sullrngiia.
388 2981 442 3048 stc
456 2983 540 3048 eninr
555 2981 625 3048 luco
639 2986 776 3050 accium
789 2985 902 3066 solent,
918 2981 949 3050 O
964 2995 1070 3069 poter:

165 3065 231 3142 Qui
248 3067 439 3154 respublicae
453 3083 485 3134 et
498 3067 668 3154 dignitatea
682 3083 799 3148 tenent,

165 3151 302 3218 AEmulio
316 3169 389 3220 runt
402 3153 602 3220 infestissimi.

166 3237 304 3304 Venient
317 3261 393 3305 tero
406 3241 439 3304 in
453 3238 584 3306 domum
600 3241 746 3320 alienam,
763 3241 884 3307 advena
898 3239 1045 3320 existam,

166 3321 209 3389 Ea
230 3325 456 3492 wuliemm
474 3347 540 3392 non
563 3327 730 3392 habentem
753 3326 878 3406 liberor,
894 3349 966 3414 quan
987 3327 1071 3391 tocie
1092 3345 1164 3390 cunt

318 3413 345 3476 it
1099 3417 1163 3476 olo
1193 3439 1199 3450 ·

164 3494 249 3562 Tum
261 3495 448 3564 calamitatis
462 3497 560 3584 prius,
576 3497 727 3566 hurmeto
741 3521 826 3566 nunc
841 3520 897 3564 aue
911 3519 976 3584 spe,

166 3581 181 3646 l
257 3583 341 3668 apud
356 3605 390 3650 ro
403 3605 510 3650 canum
526 3583 612 3650 bone
626 3583 739 3650 acerbe
753 3583 874 3651 ieret-

164 3605 338 3744 dridnrodo
350 3669 379 3735 ei
395 3691 459 3734 non
476 3671 593 3736 inriaua
607 3693 673 3748 oro,

163 3752 306 3832 Quando
319 3755 461 3822 emittant
477 3757 603 3841 quidem
619 3757 661 3822 od
674 3755 787 3844 pedem
804 3770 905 3834 tnum.

165 3837 224 3904 illu
237 3862 322 3918 vero,
337 3839 404 3906 aine
426 3839 533 3908 liberis
553 3843 696 3922 existent,
712 3858 782 3910 toea
802 3865 850 3910 rer
864 3842 974 3908 choree
989 3843 1101 3908 acerbe
1116 3840 1164 3904 in·

249 3927 400 4006 tuebitur,

164 4011 290 4076 Deinde
303 4027 358 4078 ant
372 4029 405 4078 tu
421 4035 473 4079 me
486 4015 648 4104 negligena
662 4017 807 4102 respicies
822 4029 906 4081 tuom
924 4035 1064 4088 uxorem,
1149 4095 1156 4110 ⁹

164 4098 230 4162 Ant
246 4120 293 4164 rer
303 4121 388 4166 mem
398 4099 567 4178 honoram,
579 4102 709 4167 domum
723 4125 797 4169 vero
807 4099 1002 4168 conhrndens
1017 4097 1165 4165 habebis?

162 4179 378 4272 Quotcunque
392 4191 484 4252 necet
498 4199 530 4254 et
545 4208 738 4254 venenorum
754 4187 894 4255 letalium

161 4265 318 4340 Malim
333 4273 520 4340 invenerunt
533 4273 608 4340 virio
622 4275 732 4340 exitio!

593 4379 615 4426 o
631 4384 651 4424 ο
