2802 4858
427 185 779 272 ruutms'sn.

141 377 290 446 Eteocles
303 388 419 454 sutem,
434 375 515 462 pede
528 375 830 463 subjectumssxum
855 375 859 382 ’

143 464 288 551 Ve'stigio
302 461 502 540 transferens,
516 463 692 530 membrum
708 475 797 528 extre
810 463 956 551 clypeum

144 549 259 617 Ponit:
282 548 451 634 Polynices
465 571 542 616 vero
555 551 693 615 occurrit
705 549 805 628 hosts,

144 638 278 739 Plspem
293 639 379 700 ierro
393 635 541 701 traditam
556 637 763 720 conspicatus,

145 724 338 810 Tibtnmque
353 723 505 811 transegit
517 723 668 808 Argivom
684 721 823 799 hostem

144 810 248 875 Totus
262 821 368 874 sutem
383 811 538 874 exercitus
552 809 685 874 Grtecus
695 808 889 873 exclamavit.

144 895 188 961 Et
202 897 235 962 in
249 895 314 960 hoc
328 893 437 959 labore
450 894 573 959 nudum
587 894 750 970 humerum
767 895 886 972 videns,

143 982 238 1048 Prius
251 981 446 1062 vulneretur,
461 994 641 1066 perpectus
658 980 715 1046 Pol
740 981 861 1046 nicisvi
1063 987 1145 1045 1100

143 1068 316 1156 Trsnsegit
330 1067 462 1144 hastam,
478 1080 509 1132 et
525 1066 664 1131 reddidit
677 1003 869 1154 voluptatem

144 1154 259 1220 Cedmi
275 1153 406 1230 civibus,
421 1152 476 1218 sed
489 1152 584 1240 fregit
597 1173 752 1218 summam
767 1153 899 1220 hastam.
936 1197 939 1204 ι

144 1241 285 1306 Veniens
299 1253 404 1305 sutem
418 1239 460 1304 sd
473 1239 613 1324 inopium
631 1237 740 1317 hasten,
756 1241 789 1303 in
804 1261 876 1304 crus
889 1249 979 1304 retro,
1081 1249 1085 1263 ¹

145 1327 250 1404 Cedit,
266 1339 298 1394 et
312 1340 492 1411 correptum
502 1325 580 1411 jecit
593 1347 804 1391 marmoreum
821 1345 943 1402 sexum,
974 1371 976 1376 ,

144 1411 188 1478 Et
202 1412 349 1478 contudit
363 1411 501 1476 medinm
517 1411 625 1476 telum.
670 1411 742 1476 Jam
756 1434 832 1477 vero
847 1411 937 1476 Mers
951 1409 1080 1496 oequslis

144 1499 236 1578 Erat,
250 1499 417 1564 semborum
435 1497 578 1562 monibus
589 1496 720 1582 privetis
735 1498 834 1562 haste.

145 1586 262 1651 Postea
275 1607 362 1662 vero,
378 1584 545 1648 manubria
557 1584 762 1668 corripientes
776 1583 955 1669 gladiorum
1014 1611 1016 1618 >

145 1671 316 1760 Congressi
332 1683 405 1735 sunt
419 1671 573 1750 cominus,
587 1670 818 1736 committentes
832 1681 937 1736 autem
951 1667 1078 1753 clypeos

146 1758 322 1824 Habebam
337 1778 486 1843 magnum
502 1777 619 1842 puguae
631 1754 803 1820 tumultum
817 1756 998 1822 seinvicem
1012 1751 1146 1818 circutu-

229 1855 350 1908 euntes.

145 1931 189 1996 Et
201 1929 286 1995 forte
300 1941 450 2015 reputans
466 1929 621 2007 Eteocles,
638 1929 857 1996 Thessalicum
1065 1931 1148 1988 1110

145 2016 321 2101 Ueurpsvit
335 2031 550 2081 commentum
564 2015 606 2080 ob
621 2017 687 2102 ejus
702 2029 795 2081 terrae
809 2013 1080 2082 consuetudinem.

143 2102 307 2169 Omittens
321 2102 407 2167 enim
421 2115 609 2188 proesentem
625 2103 777 2179 laborem,

144 2189 316 2255 Sinistrum
331 2188 460 2275 quidem
475 2190 587 2273 pedem
602 2203 688 2253 retro
702 2187 806 2264 refert,

143 2278 230 2340 Ante
245 2276 363 2340 ventris
377 2276 512 2340 recessui
526 2295 657 2340 cavens:

145 2361 345 2427 Proteudens
359 2383 437 2426 vero
451 2360 602 2426 dextrum
620 2361 731 2446 pedem
747 2380 805 2445 per
820 2357 1004 2424 umbilicum

143 2447 286 2513 Demisit
300 2470 416 2523 ensem,
433 2447 562 2535 egitque
574 2448 616 2511 ad
628 2447 727 2532 spinae
741 2445 909 2510 vertebras.

145 2533 249 2600 Simul
264 2545 369 2598 eutem
384 2533 513 2600 flectens
527 2533 627 2597 latere
640 2547 673 2598 et
686 2545 829 2597 ventrem
844 2532 940 2596 miser

145 2620 313 2708 Polynices
328 2641 401 2684 cum
415 2619 595 2707 sanguineis
608 2619 706 2707 guttis
720 2618 815 2684 cedit.

145 2707 212 2772 Hic
227 2728 304 2772 vero
318 2719 468 2793 tunquam
483 2707 610 2770 vincens
620 2707 699 2791 jem,
715 2717 747 2768 et
760 2705 861 2768 victor
876 2721 994 2790 pugne,

145 2793 308 2880 Abjiciens
320 2791 462 2880 gladium
479 2794 511 2856 in
526 2806 654 2867 terrem,
670 2790 825 2877 spoliabat
838 2810 922 2866 eum,
1067 2791 1149 2850 1420

146 2881 219 2945 Non
237 2877 357 2943 hebens
371 2893 507 2944 mentem
524 2877 565 2942 ad
580 2877 679 2953 illum,
696 2877 749 2941 sed
766 2876 829 2940 illic
845 2879 867 2940 r'.
878 2897 905 2939 e.
921 2875 965 2938 nd
976 2874 1086 2960 spolia.

145 2963 245 3044 Quod
270 2977 302 3067 et
325 2965 436 3029 fefellit
458 2985 549 3029 eum:
581 2961 684 3028 adhuc
713 2962 798 3027 euim
822 2961 971 3048 exiguum
996 2955 1148 3046 quiddam

230 3073 367 3137 spuens,

146 3139 282 3203 Serveus
296 3159 404 3204 ensem
418 3137 452 3200 iu
467 3137 549 3202 tristi
563 3158 647 3213 casu,

146 3223 211 3290 Vis
227 3224 368 3312 quidem,
384 3224 525 3292 extendit
539 3235 644 3288 temen
660 3243 770 3285 ensem
783 3222 816 3285 in
832 3220 930 3306 hepar

147 3309 298 3387 Eteoclis,
317 3310 484 3396 Polynices
520 3311 553 3375 ui
568 3309 656 3394 prius
669 3307 775 3392 lapsus
789 3323 866 3372 erat.

146 3395 281 3462 Terram
297 3411 402 3462 eutem
422 3333 580 3462 mordicus
601 3393 873 3480 apprehendentes
890 3391 970 3458 alter
990 3409 1091 3476 prope
1104 3387 1149 3452 nl-

230 3497 334 3548 terum

147 3555 276 3634 cluunt
292 3569 400 3646 ambo,
415 3590 474 3632 nec
489 3566 706 3634 discreverunt
718 3565 893 3630 victoriam.

42 3675 138 3722 emt.
148 3654 233 3736 Heu,
247 3655 324 3733 heu,
340 3667 494 3742 quantum
508 3673 603 3740 gemo
617 3651 700 3716 mele
715 3665 777 3729 tue,
794 3649 927 3734 OEdipe.

146 3742 230 3806 Tuus
243 3753 351 3809 eutem
362 3741 576 3806 execrationes
587 3738 711 3804 videtur
725 3737 911 3822 impleturus
926 3755 994 3799 esse
1008 3732 1107 3798 Deus.

39 3828 232 3894 sumendi
247 3849 336 3893 nunc
350 3829 456 3904 etiem,
470 3847 542 3914 quae
553 3839 671 3911 prester
682 3823 751 3889 lroec
762 3823 946 3889 ecciderunt
960 3817 1054 3886 mele.
1068 3825 1151 3884 ttsu

147 3913 287 3990 Quando
300 3913 360 3978 filii
374 3913 454 4015 lupsi
470 3911 691 3997 relinquebant
701 3912 769 3997 jum
784 3911 891 3985 vitem,

146 3999 240 4066 Tunc
254 4013 357 4066 muter
370 4022 487 4065 muers
500 3997 632 4074 accedit,

147 4086 245 4170 (Cum
261 4087 328 4152 filia
342 4086 474 4175 virgine,
491 4097 522 4150 et
537 4083 631 4149 celeri
645 4086 778 4170 gressu.)
826 4073 833 4086 ‘

146 4171 267 4238 Vrdeus
282 4186 388 4239 sutem
403 4173 583 4240 vulneratos
597 4170 682 4235 leteli
697 4168 784 4234 crede

147 4256 303 4344 Ejulavit:
328 4258 361 4325 Ο
375 4258 444 4337 11111,
460 4257 550 4325 tarde
564 4255 749 4324 auxiliatrix
