2802 4858
377 248 389 273 ·
469 209 736 298 munnu-
856 223 859 228 “

149 397 316 492 Desisteque
329 401 369 468 ab
384 401 440 481 irs,
456 417 486 469 et
501 405 558 468 tre
571 401 683 468 iterum
698 413 846 468 converte
859 413 963 487 capnt,

149 490 324 557 Existimant
337 489 454 557 enricos
467 489 604 568 eostiem,
620 511 699 575 quos
713 489 844 554 maritus
858 499 947 554 tuus:

128 596 133 608 ·
148 578 250 663 Accipe
262 597 338 641 reso
352 595 493 652 munera,
509 587 541 640 et
551 596 629 662 roga
642 588 774 674 petrem,
809 629 811 635 ,

147 661 186 730 Ut
197 662 331 728 remittat
341 661 472 726 exilium
486 659 535 726 his
549 663 622 726 stus
634 660 750 738 liberis,
766 663 803 724 in
814 681 916 730 mesm
930 659 1074 748 gretism.

147 749 218 814 Hoec
230 769 314 824 reso,
329 760 365 816 ut
378 747 500 834 aspexit
509 759 670 822 ornatum,
684 768 750 812 non
766 745 922 814 continuit
936 767 978 824 se,

145 834 200 904 Sed
212 833 353 920 promisit
366 833 434 898 viro
448 831 572 906 omnia:
594 844 627 897 et
640 833 823 920 priusquam
837 853 877 898 ex
892 831 1013 896 aedibus
1061 892 1072 919 ,

142 917 244 986 Procul
258 919 384 986 abirent
397 931 487 1003 pater
500 931 533 983 et
546 917 637 982 liberi
649 918 706 996 tui,

142 1008 297 1091 Acceptum
312 1004 430 1070 seriem
445 1017 559 1070 vestem
574 1003 690 1085 induit,
1042 1011 1124 1068 1150

141 1091 315 1178 Peneusque
328 1111 457 1156 summ
472 1111 622 1156 coronam
638 1110 734 1175 supas
748 1087 921 1168 cincinnos,

140 1176 271 1242 Nitidum
285 1177 329 1240 od
342 1175 503 1262 speculum
518 1175 682 1262 componit
695 1195 828 1254 comam,

140 1262 281 1334 lnenimse
295 1261 436 1346 corporis
450 1261 581 1350 imagini
595 1261 749 1326 arridens.

137 1347 251 1414 Deinde
263 1347 319 1412 ubi
332 1347 519 1414 surrexisset
529 1346 571 1414 de
584 1346 674 1426 solio,
690 1345 887 1433 perambulet

137 1433 235 1512 AEdes‚
250 1431 382 1498 delicate
395 1432 542 1498 incedens
555 1431 696 1499 candidis
709 1432 852 1519 pedibus,
979 1501 981 1506 ,

134 1521 228 1586 Douis
239 1521 320 1586 disce
332 1517 531 1586 vehementer
543 1519 696 1606 gaudens,
709 1519 844 1584 multum
858 1530 889 1584 et
905 1535 990 1603 saepe

138 1605 288 1675 Certioetn
303 1603 344 1670 sd
358 1615 492 1670 erectam
505 1605 605 1670 oculis
619 1604 809 1690 respiciens

137 1691 242 1757 Postea
255 1711 329 1755 vero
343 1703 411 1756 eret
425 1689 600 1756 miserabile
612 1689 825 1776 spectaculum
839 1689 962 1754 videre:

34 1779 40 1786 ’
134 1774 212 1862 Nem
225 1786 346 1842 mutato
360 1775 474 1853 colore,
490 1775 620 1863 oblique
633 1789 719 1841 retro

128 1861 217 1928 Cedit
229 1873 364 1928 tremens
377 1861 537 1940 membris,
552 1875 584 1926 et
598 1861 651 1926 vix
665 1859 832 1926 antevertit
1035 1867 1119 1925 1160
1187 1877 1199 1902 ⁸
1316 1885 1320 1894 ·

132 1948 217 2015 Solio
231 1947 350 2036 illapsa,
366 1970 407 2013 ne
421 1947 547 2014 cederet
561 1949 594 2014 in
610 1961 734 2012 terram.

129 2033 214 2100 Tum
227 2047 302 2100 vero
316 2052 434 2101 sussex
448 2031 574 2100 lemulis
587 2055 677 2111 snus,
691 2053 765 2097 cunt
780 2031 975 2098 existimaret

131 2121 197 2186 Ast
211 2119 306 2186 Panis
320 2121 410 2198 iram,
426 2132 481 2185 aut
502 2119 634 2206 alicujus
647 2119 725 2184 alites
740 2116 813 2194 Dei,
830 2119 975 2202 ius'psam
989 2117 1120 2194 venisse,

130 2205 291 2272 mustum
305 2205 415 2282 edidit,
431 2208 521 2292 psius
533 2227 629 2294 quern
643 2205 763 2268 vitleret
777 2225 833 2288 per
847 2226 883 2268 ns

111 2319 113 2325 ·
129 2291 304 2358 Exeuntem
318 2289 488 2358 candidum
504 2313 659 2378 spumam,
674 2304 706 2355 et
721 2290 754 2354 in
769 2289 868 2354 oculis

125 2377 309 2479 Venentem
323 2377 467 2466 pupilles,
480 2387 513 2442 et
534 2399 599 2444 non
614 2375 749 2464 emplius
772 2377 805 2440 in
826 2397 959 2462 corpore
973 2397 1122 2440 11111111-

124 2486 515 2626 ffingppdepghm
529 2553 570 2618 nb
584 2551 703 2618 ultdstu
719 2551 823 2616 emisit
837 2571 984 2638 magnam

122 2635 346 2722 Ejnlationetn.
391 2639 503 2704 Statim
518 2661 592 2704 vero
606 2660 670 2703 uns
684 2637 810 2724 quidem
826 2637 859 2699 in
873 2636 1005 2700 domum
1022 2634 1121 2720 petris

123 2722 290 2804 Cucurrit,
303 2722 365 2788 slis
377 2745 452 2790 sero
464 2724 507 2790 nd
521 2735 680 2790 recentem
696 2723 855 2798 maritum,

121 2808 261 2875 Dictura
279 2809 486 2875 calamitatem
503 2831 644 2897 sponsoe:
667 2823 733 2874 totu
748 2831 823 2877 vero
1040 2811 1121 2874 1170

118 2893 250 2960 Domus
263 2895 431 2960 resonsbst
440 2895 655 2980 frequentibus
667 2893 930 2960 cursitutionibus.
951 2931 953 2939 ν

115 2979 195 3045 Jsm
209 3001 286 3046 vero
299 2981 475 3046 accelerans
490 2981 602 3067 pedem
615 3004 727 3046 cursus
741 2978 878 3047 stadialis

116 3065 247 3131 Cursor
259 3066 352 3132 velox
367 3079 483 3132 meum
495 3067 661 3155 attigisset,

113 3151 235 3229 Quum
251 3151 306 3218 ills
319 3175 357 3217 ex
372 3165 462 3218 muto
475 3165 506 3218 et
520 3153 626 3220 clauso
638 3153 733 3220 oculo

116 3239 277 3304 Graviter
287 3237 494 3326 ingemiscens
510 3240 624 3304 misere
638 3239 851 3315 excitabatur3
931 3258 933 3262 ·

116 3324 209 3389 Nem
225 3323 347 3410 duplex
362 3327 480 3396 melum
495 3324 662 3391 infestabat
675 3348 757 3392 esm.

112 3412 229 3476 Aurea
244 3409 374 3496 quidem
388 3432 515 3489 corona,
531 3413 636 3496 capite
649 3411 804 3496 imposita,

111 3495 302 3562 Eminebat
314 3495 490 3562 mirabilem
505 3497 656 3564 vorticem
670 3497 751 3586 ignis
769 3496 875 3565 omnia
885 3493 1082 3560 ‹levorsntisz

111 3581 217 3666 Pepli
232 3603 308 3646 vero
322 3595 441 3660 tenum,
457 3595 584 3650 tuorum
597 3583 770 3649 liberorum
785 3583 880 3665 done,
1050 3637 1057 3647 .

106 3667 331 3733 Devorabunt
344 3668 511 3736 candidum
526 3691 652 3734 onmem
667 3668 809 3736 infelicis.
1043 3673 1125 3731 1180

108 3753 198 3840 Ipse
212 3775 293 3819 vero
308 3753 501 3820 inflammato
513 3754 666 3844 lisgiebst,
679 3779 810 3840 surgons
824 3754 864 3820 de
877 3751 967 3832 solio,

105 3839 324 3920 Concutiens
337 3841 438 3906 crines
452 3854 484 3906 et
498 3853 593 3928 caput
606 3841 669 3906 huc
683 3857 715 3907 et
728 3841 815 3923 illuc,

104 3923 246 3990 Volens
260 3924 397 4012 abjicere
409 3948 577 3994 coronam:
601 3927 655 3993 sed
669 3927 803 3994 firmiter
938 3997 939 4000 ,
992 3999 995 4008 ,

100 4009 271 4076 Vinculis
285 4034 398 4076 susum
412 4013 605 4091 adbaerebst‚
620 4015 703 4102 ignis
716 4036 801 4091 vero,
816 4024 983 4115 postcpssn
1000 4031 1124 4080 comam

96 4097 307 4178 Concussit,
322 4100 433 4186 tnagis,
448 4110 540 4185 utque
552 4100 601 4164 bis
615 4111 738 4166 tentum
753 4101 889 4165 emicuit.
918 4135 930 4166 t

88 4185 191 4334 ,lgm
207 4205 295 4250 vero
304 4185 387 4250 victa
400 4185 484 4252 melo
497 4185 582 4264 ¹cadit
596 4187 629 4252 in
644 4202 772 4265 terram,

133 4283 151 4335 t
165 4282 395 4357 praeterquepn
410 4295 430 4339 e
444 4285 545 4358 petre,
560 4296 578 4336 e
592 4276 717 4340 nemine
731 4274 836 4360 potuit
847 4272 936 4344 lucile
948 4267 1093 4358 agnosci:

555 4379 576 4423 n
591 4369 611 4426 3
