2882 4858
492 191 751 271 HELENA.
1095 207 1159 268 629

152 369 220 448 Qui
234 389 344 434 snmus
359 368 495 454 imperiti
511 386 695 454 camporum
710 382 742 438 et
756 383 850 438 tcmae
865 371 1063 440 becbecia?

72 454 272 554 afflixisti
288 453 604 606 regibimpossibiiem.
651 457 731 543 Age,
747 455 825 544 quid
839 479 924 538 vcro,
939 460 966 526 si
979 457 1152 528 comitatus

219 563 272 609 ,sn
286 563 313 606 te
338 563 348 604 ι
374 564 409 604 us

152 625 345 693 lnterficism
361 625 423 690 hoc
437 625 565 712 ancipiti
580 625 688 712 gisdio
703 627 834 714 regem?

72 713 227 778 nsmNon
242 723 402 798 peteretur
416 733 519 798 neque
533 725 649 778 taceret

151 799 259 876 Soror,
275 799 300 863 si
314 797 441 863 fratrem
457 797 676 864 interfecturus
689 819 781 864 esses.

71 885 198 951 usmdt
212 907 314 972 neque
327 885 414 950 novis
428 885 512 948 nodis
525 897 581 962 est,
621 906 661 948 us
676 884 790 948 sessori
804 886 959 970 possimus

150 971 179 1036 F
224 971 336 1036 'entess
384 991 455 1036 uam
470 969 553 1036 enim
571 969 611 1034 hs
634 969 773 1048 ebomus,
787 993 873 1036 mere
887 995 966 1038 smne
979 971 1084 1038 habet.

68 1059 199 1123 nendo
224 1057 245 1133 i,
261 1057 286 1121 si
301 993 381 1144 quid
392 1070 424 1120 et
438 1055 552 1120 mulier
566 1055 681 1120 dixerit
694 1057 858 1141 sopientes.

148 1143 206 1208 Vis
221 1141 284 1208 dici
293 1155 435 1207 mortuus
446 1140 557 1222 verbis,
567 1163 637 1206 oum
647 1163 750 1208 renero
763 1163 828 1208 non
837 1143 879 1208 sis
889 1142 1053 1210 mortuus?
1067 1153 1149 1212 1050

65 1229 273 1380 mitulus}
296 1228 422 1315 quidem
444 1238 488 1294 est
508 1249 620 1292 omen:
644 1227 770 1314 siquid
795 1243 898 1294 tomen
922 1231 1068 1298 luorsbor
1094 1233 1148 1296 hcc

259 1335 351 1392 scens,

150 1398 284 1466 Psmtus
298 1421 367 1466 sum
383 1400 482 1466 verbis
497 1401 588 1478 mori,
605 1421 717 1467 senon
733 1401 880 1468 moriens.

65 1483 291 1552 nsoMovcbo
305 1499 410 1552 sotem
427 1485 671 1552 misericordiam
689 1485 833 1552 muliebri

147 1571 294 1637 Tonsnm
308 1585 340 1639 et
354 1572 627 1638 lamentationibus
641 1571 735 1656 spud¹
744 1573 875 1658 impium
890 1575 1016 1660 negent

64 1657 248 1734 scenQuod
262 1681 337 1724 vem
351 1680 398 1724 res
412 1661 471 1723 ists
483 1657 575 1722 nobis
590 1657 761 1724 remedium
778 1657 874 1725 hebet
887 1659 1016 1728 salutis?

145 1743 233 1810 Inest
247 1745 330 1809 ssim
346 1745 480 1810 sermoni
495 1743 634 1828 priscum
650 1743 811 1830 quiddam.

65 1829 248 1908 sss-Quosi
257 1831 325 1916 jem
339 1829 372 1895 in
387 1829 466 1894 meri
482 1843 624 1896 mortuns
639 1829 680 1894 sis
694 1829 780 1895 insui
794 1829 961 1916 sepulchro

144 1917 195 1982 Ab
209 1915 302 2067 hisjus
317 1915 386 2005 egri
399 1929 535 2002 tyranno
550 1929 664 2002 petam,
680 1929 716 1980 ut
738 1913 815 1980 mihi
835 1917 997 2002 permittat
1011 1927 1042 1982 tc
1056 1937 1144 2002 sepc-

245 2025 299 2068 sne.

62 2087 213 2154 messe
227 2101 332 2154 sutem
348 2109 421 2154 eum
435 2089 641 2158 concessisse:
663 2086 779 2153 deinde
793 2085 954 2174 quomodo
968 2085 1037 2154 sine
1053 2089 1123 2154 ossi

143 2172 348 2240 Servsbimur
361 2173 543 2260 sepelientes
558 2195 662 2238 meum
677 2195 792 2259 corpus
807 2178 838 2238 in
854 2173 941 2238 inoni
956 2171 1145 2260 sepulchro?

62 2259 268 2328 uss-Jubebo
284 2261 386 2326 novim
402 2260 488 2337 dere,
504 2281 567 2347 quo
580 2258 743 2324 demittam
1063 2267 1140 2326 1061

141 2345 305 2413 Omstum
320 2345 360 2412 sd
376 2360 462 2412 tuem
478 2345 672 2430 sepulturam
687 2345 720 2410 in
738 2344 828 2410 ulnas
843 2343 947 2408 moris.

60 2433 247 2504 usnfflsm
263 2431 344 2500 bene
366 2431 426 2497 hoc
447 2431 569 2510 dixisti,
584 2443 701 2517 praeter
722 2429 817 2496 illud:
840 2430 866 2494 si
881 2430 913 2496 io
936 2443 1020 2498 terro
1040 2429 1143 2518 sepui-

229 2530 334 2584 turam

1031 876 1037 887 ’
1111 880 1124 898 f

141 2603 260 2671 Fecere
274 2605 435 2692 tejubest,
448 2603 542 2672 istum
556 2616 768 2668 commentum
783 2601 861 2666 nihii
877 2601 1018 2668 utilitatis
1031 2599 1120 2669 feret.

58 2690 200 2756 msed
214 2689 355 2758 dicemus
369 2712 434 2755 non
448 2710 514 2755 esse
527 2689 784 2754 consuetudinem
800 2687 832 2752 in
849 2687 985 2766 Grmcis,

139 2775 266 2861 'regere
280 2789 364 2842 terre
379 2799 442 2854 eos,
458 2775 560 2862 quiin
577 2775 657 2840 meri
672 2787 745 2840 sunt
758 2773 885 2838 mortui.

57 2861 232 2930 menese
246 2861 414 2928 becedam
428 2861 609 2950 excogitas:
630 2860 745 2927 deinde
760 2882 820 2947 ego
834 2871 937 2924 tecum
954 2857 1119 2946 navigabo,

140 2949 184 3015 Ec
198 2947 293 3014 simul
307 2961 452 3014 ornatum
467 2969 508 3012 ex
525 2947 634 3012 endem
650 2946 723 3012 nevi
736 2945 910 3014 demittam.

58 3033 275 3122 comportet
289 3046 320 3099 te
334 3033 443 3100 edesse
457 3055 494 3098 ex
511 3032 631 3118 primis,
646 3045 676 3097 ct
693 3045 764 3096 tuos

138 3121 250 3186 Socios
265 3119 482 3210 navigationis,
498 3119 552 3268 zui
565 3132 728 3183 cesserunt
743 3115 916 3204 nouirogio.
1058 3121 1141 3182 1070

56 3209 187 3273 tamAt
212 3207 255 3285 ni,
271 3208 296 3270 si
312 3207 418 3271 navim
432 3206 465 3269 in
480 3227 515 3269 so
527 3227 548 3268 o
564 3204 734 3281 nanciscor,

138 3229 245 3360 sedan
260 3293 409 3379 vicjuxts
423 3291 524 3356 virum
539 3301 678 3356 srmstus
691 3287 808 3378 gladio.

57 3399 131 3444 nst„
211 3391 272 3444 rtet
287 3392 318 3444 te
331 3378 391 3444 ista
404 3376 599 3466 gubernare:
622 3387 745 3442 tontum
761 3373 891 3440 semodi

214 3487 250 3530 us
264 3465 328 3530 sint
342 3463 413 3528 seio
426 3475 457 3528 et
470 3461 558 3528 nevis
572 3484 691 3527 cursus.

55 3549 233 3616 nst'smt
249 3551 330 3616 herc.-
350 3549 395 3614 dii
409 3549 493 3614 enim
510 3548 622 3613 tinient
636 3569 722 3612 meos
736 3545 869 3611 labores.

136 3637 201 3703 Sed
214 3658 256 3702 cx
294 3635 434 3700 codices
448 3651 480 3700 te
494 3633 658 3712 audivisse,
673 3633 758 3720 qnod
776 3647 917 3696 mortuns
933 3625 1015 3694 sim?

56 3721 188 3788 emt:
203 3737 252 3788 tc:
272 3658 328 3786 die
343 3734 447 3786 sutem
462 3735 494 3784 te
509 3719 610 3784 solum
626 3719 756 3784 evasisse
771 3715 882 3792 istum,

140 3807 349 3897 Navigantem
364 3827 436 3872 com
453 3805 518 3872 filio
535 3806 635 3882 Atrei,
650 3817 683 3870 et
696 3803 808 3869 vidisse
821 3823 894 3867 eum
909 3799 1001 3864 mosi.
1108 3857 1114 3870 ,

55 3895 235 3960 suscense
249 3893 321 3958 hoec
336 3893 471 3958 isccmts
485 3906 517 3956 ot
532 3913 673 3978 pennoso
683 3891 826 3975 corporis
842 3886 1024 3952 vestimento

138 3981 250 4046 Fidem
264 3979 399 4044 nauticis
415 3979 512 4044 ruinis
527 3979 653 4042 facient.
1060 3977 1139 4034 1080

54 4063 313 4133 ιιι-,ιθοιιιιιιοάο
328 4077 493 4142 venerunt,
508 4079 584 4130 tuno
600 4085 673 4126 vero
687 4057 887 4126 incommode
901 4055 1123 4143 perdebantur.

137 4151 219 4218 iilud
236 4175 312 4218 cero
327 4151 474 4218 miserum
489 4147 619 4215 sortasse
633 4149 666 4211 in
682 4147 799 4212 bonum
816 4165 895 4210 stunc
909 4141 1045 4228 recidet-¹

582 4255 609 4298 ss
624 4255 654 4297 m
