2852 4862
481 229 761 300 crotous,

159 403 313 492 Cyclopia
327 401 508 489 relinquens
521 405 734 472 solitudinem.

163 491 245 556 Nam
260 489 301 556 ad
317 501 439 556 tautum
453 491 602 576 gundum
612 493 822 574 perveniam?

72 597 150 643 uer.
162 576 280 642 Tacere
295 597 354 663 per
367 577 454 656 deos,
469 575 555 654 serm,
571 577 730 664 quiescite,

159 663 351 728 Claudntes
365 661 514 731 articulos
527 665 608 730 oriar
632 687 735 751 neque
747 667 866 752 spirare
879 689 931 732 nor
944 671 1023 748 aino,

158 749 273 836 Neque
285 749 455 814 connivere
467 748 578 827 oculis.
591 771 697 837 neque
706 773 859 820 ¹excresre
872 775 1063 842 quenquam,

158 835 210 900 Ne
224 837 380 901 excitetur
394 836 456 900 hoc
469 835 598 913 malum,
614 834 716 904 donec
728 837 814 904 oculi
1097 851 1161 910 620

158 921 248 987 Viaio
263 921 364 1008 c5c10
387 922 500 988 lacum
514 921 581 1010 igni
596 922 828 990 decertaverit.»

69 1027 147 1074 creo
158 1007 335 1074 Taceamus
371 1007 558 1096 eglutientea
567 1029 671 1074 serem
686 1009 837 1076 lancibus.

72 1114 148 1159 cnr.
160 1095 258 1182 Agite
272 1115 367 1170 nunc,
383 1093 545 1182 attingatis
559 1109 676 1160 torrem
692 1097 848 1174 manibus,

157 1179 249 1246 lutro
261 1179 410 1266 proiecti:
435 1181 645 1248 inflammatus
659 1183 743 1246 enim
758 1197 806 1250 est
819 1181 962 1270 pulchre.

69 1287 145 1332 cuo
157 1265 275 1331 Nonne
289 1280 324 1330 tu
339 1265 510 1340 ordinabis,
523 1289 603 1352 quos
619 1268 756 1350 primum
772 1282 915 1354 oporteat

159 1351 308 1418 Uatulato
322 1366 411 1420 vecte
425 1365 572 1438 correpto
586 1353 755 1420 extrudere
768 1354 878 1422 lumen

205 1437 317 1524 clopis‚
336 1451 369 1503 ut
383 1437 476 1524 hujus
485 1437 622 1504 sortunne
637 1441 804 1526 participes
819 1442 926 1508 aimus.

68 1523 628 1698 .21.83332sq.333ffl33
638 1525 1110 1700 hilliriiiliinnmn

67 1694 314 1761 annumero
326 1695 543 1764 claudimodo
559 1698 633 1764 tecti
649 1721 767 1765 snmus.
1091 1711 1155 1769 660

67 1781 246 1848 seutdom
261 1781 359 1883 igitur
373 1780 488 1847 accidit
509 1781 607 1861 vobis,
623 1785 708 1870 quod
723 1784 857 1850 etmihi.
900 1806 950 1852 se.
961 1795 992 1854 0.
1016 1786 1155 1856 Pedium

238 1887 324 1934 enirn

153 1955 281 2022 Stante·
292 1957 438 2022 mmvulsi
452 1979 572 2036 sumus,
588 1959 704 2039 neseio,
720 1959 814 2026 unde.

66 2059 111 2104 aa.
121 2041 205 2106 1.An
221 2053 340 2107 stantes
354 2041 504 2108 babeties
544 2047 671 2110 amum?
717 2047 804 2112 snt.
827 2043 872 2110 Et
885 2043 968 2110 oculi

151 2129 236 2192 Sunt
251 2127 343 2192 nobis
356 2128 442 2214 pleni
456 2149 499 2214 pu
514 2131 594 2196 veris
608 2143 663 2196 aut
678 2131 793 2198 cineris
807 2129 963 2206 alicunde.

71 2232 146 2278 uer.
158 2213 314 2279 Homines
327 2215 445 2302 ignavi,
459 2238 478 2280 e
493 2215 608 2280 nullius
623 2217 716 2301 pretii
729 2228 799 2282 eunt
812 2216 846 2280 hi
861 2217 950 2282 socii.

67 2319 142 2366 cuo.
153 2299 317 2376 Quoiam
331 2313 456 2400 tergum
471 2315 502 2366 et
516 2303 638 2386 spinam
655 2303 850 2380 miseramur,

151 2384 195 2451 Et
207 2385 319 2451 denter
332 2399 477 2452 emutare
490 2409 555 2452 non
569 2387 642 2453 volo

149 2471 353 2550 Verberetur,
368 2471 439 2538 brec
452 2487 500 2538 eet
515 2473 570 2540 illa
584 2485 686 2540 norun
700 2477 834 2562 ignavia.

150 2557 217 2624 Sed
230 2557 298 2622 ecio
311 2559 557 2632 incantationem
575 2559 698 2646 Orphei
714 2561 805 2627 valde
818 2561 947 2638 boum,

150 2643 199 2710 Ut
211 2659 326 2730 sponte
339 2667 394 2710 aua
410 2646 503 2711 torris
517 2645 549 2710 in
565 2648 709 2712 cranium
1086 2656 1149 2714 otc

148 2729 279 2796 Vadena
293 2729 440 2798 incendat
453 2732 657 2798 monoculum
672 2733 772 2798 lilium
787 2747 892 2800 terre.

66 2835 141 2882 nar.
151 2816 349 2902 iampridem
364 2817 492 2904 quidem
507 2817 643 2884 sciebam
660 2832 690 2884 te
704 2841 771 2886 erae
784 2818 878 2886 talem
892 2829 1022 2894 natura3

149 2903 246 2968 Nunc
260 2924 336 2967 vero
349 2905 415 2968 scio
428 2903 551 2969 melius.
597 2905 737 2991 Propriis
750 2905 848 2992 igitur
861 2902 970 2970 amicis

149 2987 207 3056 Uti
222 3009 275 3053 me
288 3001 425 3072 oportet.
470 2987 575 3056 Manu
590 3012 666 3057 vero
679 2993 705 3056 si
720 2989 800 3056 nihil
815 2988 908 3066 valea,

150 3076 201 3142 Sia
212 3073 325 3140 nutem
339 3075 535 3153 adhortator,
551 3090 587 3141 ut
600 3075 815 3142 fortitudinem

147 3162 333 3230 Amicorum
348 3160 622 3228 adhortationibus
638 3163 701 3228 tois
714 3183 954 3249 consequemur.

64 3269 141 3314 cuo.
153 3248 228 3314 Hoc
242 3247 372 3313 imum:
395 3247 429 3311 in
446 3247 527 3312 Care
541 3248 799 3334 periclitabimur.

150 3335 287 3486 Proptef
300 3332 552 3399 adhortationem
568 3356 643 3400 vero
657 3335 860 3401 comburatur
876 3331 1021 3420 Cyclops.

146 3421 199 3488 lo!
225 3421 258 3486 io

148 3505 331 3574 Fortiacimc
344 3517 452 3572 torrent
467 3508 626 3610 impellite,
641 3507 802 3574 taunaco:
1083 3515 1148 3572 650

147 3593 241 3662 Urite
255 3593 424 3678 supercilia
437 3593 546 3660 bena

146 3677 525 3768 Epulatriciehoapitum.

148 3765 348 3832 lnllnrnmate
358 3763 402 3843 O,
418 3767 502 3830 urite
517 3765 559 3832 Ο.

147 3851 256 3918 AEtnn
269 3865 428 3938 pastorem

145 3937 295 4016 Terebra,
311 3935 451 4016 vulnera,
466 3959 508 4004 ne
521 3951 552 4004 te
566 3937 675 4004 dolore
688 3949 892 4024 exasperatus

146 4023 346 4092 illiberaliter
356 4037 480 4090 tractet.

61 4131 131 4178 cre.
146 4109 212 4176 Hei
225 4109 305 4176 mihi
317 4108 325 4176 l
351 4109 446 4176 Oculi
455 4109 655 4196 splendorem
671 4121 756 4176 torre
765 4105 964 4175 combustum
973 4106 1144 4172 amicimus.

62 4219 138 4262 ceo.
149 4195 284 4264 Pulcher
297 4195 350 4263 hic
365 4195 481 4265 Pean:
503 4217 582 4262 cane
595 4195 675 4262 mibi
689 4194 784 4272 hunc,
800 4193 833 4259 Ο
848 4191 993 4280 Cyclope.
1063 4277 1081 4292 ..

62 4305 129 4352 cnr.
144 4283 210 4350 Hei
224 4283 303 4350 mihi
318 4283 445 4361 iterum,
462 4295 498 4352 nt
511 4281 788 4430 aumfconturnelia
802 4279 942 4360 affectus,
956 4291 991 4346 ut
1005 4299 1084 4364 peru
1097 4275 1105 4342 l

551 4390 570 4434 r
611 4378 631 4433 4
