2862 4864
286 214 351 276 292

672 199 986 271 EURIPIDIS

374 373 484 460 Quos
498 370 616 448 frenis,
631 393 711 436 auro
723 373 808 440 varie
822 377 941 441 ornatis
954 377 1102 464 itu-ignes,

376 459 512 527 Stimulo
526 457 654 543 impelli,
670 458 769 522 medi-

373 544 932 710 tsffttffltdtfflt
946 547 1094 615 ‘'Im‘'
1107 572 1201 618 ω

375 717 532 804 Obliquoa
544 716 679 780 flexibus
693 739 853 793 cursuum,
1306 731 1364 790 990

378 803 479 870 ttuffis
493 803 679 887 conspicuos
693 802 776 887 pilis,
789 817 821 867 et
835 802 1043 892 solidnngulis
1056 805 1116 872 sub
1130 808 1275 874 cruribus

375 891 561 976 variegatos
575 888 705 972 pellens:
723 890 819 974 juxta
832 911 911 973 quos
928 891 1073 958 currebat

377 975 501 1041 Pelides
515 987 651 1039 armatus
659 976 752 1059 juxta
766 989 907 1039 rotarum
921 976 1031 1042 orbem

378 1060 421 1128 Et
437 1062 577 1126 modiolos
589 1060 721 1124 curules.

377 1147 513 1214 Navium
529 1146 644 1210 deinde
657 1145 699 1210 ad
713 1145 948 1211 multitudinem
963 1149 1033 1212 reni
1243 1155 1311 1236 (etr.
1325 1157 1367 1228 2.)

377 1233 421 1298 Et
434 1232 646 1318 spectaculum
660 1231 878 1308 inenarrabile,

377 1317 570 1384 Muliebrem
585 1317 822 1384 delectationem
836 1317 1000 1383 ocrrlorum

377 1403 427 1470 Ut
441 1404 610 1489 explerem,
626 1425 751 1468 suavem
767 1403 839 1467 volu
863 1417 968 1469 tatem.

378 1489 422 1555 Et
436 1489 478 1554 ad
492 1511 591 1554 comu
605 1489 732 1576 quidem
748 1503 816 1554 erat
852 1504 987 1570 extrum,
1001 1491 1132 1558 classem
1145 1505 1313 1581 protegens

380 1575 578 1641 Phthioticas
593 1574 832 1662 Myrmidonum
847 1579 1004 1640 exercitus
1309 1585 1370 1642 2³0

378 1660 621 1748 Quinquaginta
634 1660 768 1725 navibus
781 1661 980 1748 impetuosis:

378 1748 491 1813 Aureis
505 1769 581 1812 vero
594 1745 789 1811 simulachris

379 1833 419 1898 In
433 1834 611 1898 summitate
625 1831 752 1898 stabant
768 1833 919 1898 Nereides
934 1834 1024 1912 Deae,

379 1919 488 1985 Proris
501 1921 626 2007 signum
639 1919 794 1984 exercitus
810 1918 957 1984 Achillei.

379 2007 573 2093 Argivorum
588 2027 663 2069 rero
675 2003 804 2089 parthus
818 2005 979 2070 iruunctoe
992 2005 1086 2070 remis
1239 2011 1313 2090 (ont.
1327 2008 1372 2086 2.)

379 2091 484 2156 Nares
498 2091 622 2155 stabant
660 2111 737 2174 rope
751 2091 841 2155 istas:

380 2175 526 2254 Quarum
540 2176 621 2243 Dux
677 2175 782 2240 ecistei

379 2262 460 2328 Erat
475 2262 565 2339 filins,
580 2283 674 2349 quem
689 2261 803 2326 educat
816 2275 905 2346 pater
920 2261 1056 2326 Talaus:

380 2346 424 2412 Et
439 2347 580 2432 Capanei
593 2347 677 2412 filius
693 2345 877 2412 Sthenelus:
899 2371 940 2414 ex
955 2347 1063 2412 Attica
1075 2369 1152 2412 vero
1166 2347 1285 2414 duona

381 2433 552 2520 Sexaginta
567 2455 659 2498 naves
674 2431 794 2498 Thesei
1312 2443 1373 2500 140

380 2519 480 2584 Filius
493 2519 642 2605 deinceps
656 2517 792 2583 habebat
806 2519 982 2597 stationem,
998 2519 1102 2586 Deam

380 2605 543 2670 Palladem
557 2606 590 2670 in
606 2605 801 2692 equestribus

380 2691 482 2758 Alatia
496 2691 641 2757 curribus
658 2691 776 2756 habens
791 2703 957 2756 venustum

379 2779 593 2864 Faustumque
606 2779 630 2842 si
679 2797 731 2841 um
749 2776 859 2842 nautis·

380 2862 425 2929 Et
437 2865 611 2930 exercitum
708 2875 823 2940 torum,
839 2863 974 2928 marinas
1251 2869 1318 2948 (ιιι.
1333 2867 1377 2942 8.)

381 2949 485 3014 Nares
498 2951 728 3100 quinquaqinta
742 2949 805 3013 vidi

380 3033 519 3102 Ornatas
533 3037 629 3120 signis
656 3035 767 3100 nostis:

379 3119 524 3272 unippe
537 3123 651 3210 quibus
667 3121 819 3209 Cuqus,
835 3141 964 3186 aureum
980 3123 1147 3184 draconem
1162 3133 1273 3186 tenens

398 3227 419 3270 n
435 3209 562 3272 narium
577 3208 684 3272 rostris
699 3221 781 3283 erat;

380 3293 580 3358 Leitusvero
594 3293 751 3382 terrigena
1316 3303 1378 3362 250

380 3377 527 3443 Duxerat
540 3379 659 3444 navalis
672 3381 827 3444 exercitus
836 3383 861 3457 ε)

382 3463 533 3530 Phocidis
548 3486 623 3530 vero
635 3487 713 3548 pone
726 3476 792 3530 ernt
806 3465 912 3528 turbu:

381 3551 552 3638 Locrisque
566 3573 657 3637 pares
671 3572 804 3616 numero
817 3549 935 3614 ducens

381 3637 486 3704 Nares
500 3637 585 3704 venit
599 3635 684 3711 Oilei
697 3636 791 3712 lilius,
806 3635 923 3699 claram

380 3722 569 3788 Throniada
583 3725 693 3790 urbem
708 3721 898 3808 relinquens.

380 3809 433 3874 Ex
448 3809 593 3898 Mycenis
607 3830 682 3874 νει-ο
698 3805 864 3893 Cyclopeis
1242 3813 1323 3896 (ont.
1338 3815 1380 3892 8.)
1410 3809 1411 3825 ¹

382 3895 480 3961 Filius
495 3897 585 3961 Atrei
602 3894 744 3960 mittebat
757 3907 869 3958 nautas

380 3979 518 4046 Centum
532 3983 658 4046 narium
674 3979 830 4058 collectos,

381 4065 425 4130 Et
439 4067 529 4132 simul
545 4081 612 4134 erat
626 4066 782 4132 Adrastus
796 4065 876 4146 dux,
892 4077 928 4130 nt
942 4063 1060 4130 amicus
1074 4085 1148 4130 com
1164 4068 1282 4146 amico,

381 4151 508 4216 Helenoe
521 4153 605 4220 illius
619 4175 691 4240 quae
705 4153 886 4218 deseruerat
900 4150 1029 4216 domum
1043 4173 1139 4232 nrum,

381 4235 594 4304 Barbararum
609 4240 711 4326 gratis
724 4241 908 4326 nuptiarum
