<?xml version="1.0" encoding="UTF-8"?>
<!DOCTYPE html PUBLIC "-//W3C//DTD XHTML 1.0 Transitional//EN"
    "http://www.w3.org/TR/xhtml1/DTD/xhtml1-transitional.dtd">
<html xmlns="http://www.w3.org/1999/xhtml" xml:lang="en" lang="en">
 <head>
  <title>
</title>
<meta http-equiv="Content-Type" content="text/html;charset=utf-8" />
  <meta name='ocr-system' content='tesseract 3.04.00' />
  <meta name='ocr-capabilities' content='ocr_page ocr_carea ocr_par ocr_line ocrx_word'/>
</head>
<body>
  <div class='ocr_page' id='page_1' title='image "./euripidistragoe00mattgoog/euripidistragoe00mattgoog_0136.png"; bbox 0 0 2828 4864; ppageno 0'>
   <div class='ocr_carea' id='block_1_1' title="bbox 484 245 1245 328">
    <p class='ocr_par' dir='ltr' id='par_1_1' title="bbox 484 245 1245 328">
     <span class='ocr_line' id='line_1_1' title="bbox 484 245 1245 328; baseline -0.004 -13"><span class='ocrx_word' id='word_1_1' title='bbox 484 245 712 315; x_wconf 76' lang='lat' dir='ltr'><strong>MEDAEA.</strong></span> <span class='ocrx_word' id='word_1_2' title='bbox 962 287 964 294; x_wconf 64' lang='lat'>›</span> <span class='ocrx_word' id='word_1_3' title='bbox 1064 253 1136 314; x_wconf 77' lang='grc'><strong>,181</strong></span> <span class='ocrx_word' id='word_1_4' title='bbox 1238 317 1245 328; x_wconf 54' lang='grc'><strong>,</strong></span> 
     </span>
    </p>
   </div>
   <div class='ocr_carea' id='block_1_2' title="bbox 177 415 988 512">
    <p class='ocr_par' dir='ltr' id='par_1_2' title="bbox 177 415 988 512">
     <span class='ocr_line' id='line_1_2' title="bbox 177 415 988 512; baseline 0.005 -26"><span class='ocrx_word' id='word_1_5' title='bbox 177 415 298 488; x_wconf 62' lang='lat' dir='ltr'><strong>trane</strong></span> <span class='ocrx_word' id='word_1_6' title='bbox 309 423 405 512; x_wconf 79' lang='lat' dir='ltr'><strong>igitur</strong></span> <span class='ocrx_word' id='word_1_7' title='bbox 417 423 508 502; x_wconf 74' lang='lat' dir='ltr'><strong>ilicet</strong></span> <span class='ocrx_word' id='word_1_8' title='bbox 530 447 604 491; x_wconf 87' lang='lat' dir='ltr'><strong>nam</strong></span> <span class='ocrx_word' id='word_1_9' title='bbox 617 437 650 492; x_wconf 84' lang='lat' dir='ltr'><strong>et</strong></span> <span class='ocrx_word' id='word_1_10' title='bbox 662 439 698 492; x_wconf 91' lang='lat' dir='ltr'><strong>tu</strong></span> <span class='ocrx_word' id='word_1_11' title='bbox 713 436 803 512; x_wconf 87' lang='lat' dir='ltr'><strong>pater</strong></span> <span class='ocrx_word' id='word_1_12' title='bbox 816 423 988 492; x_wconf 84' lang='lat' dir='ltr'><strong>liberorum</strong></span> 
     </span>
    </p>
   </div>
   <div class='ocr_carea' id='block_1_3' title="bbox 80 503 1198 4466">
    <p class='ocr_par' dir='ltr' id='par_1_3' title="bbox 80 503 1198 4466">
     <span class='ocr_line' id='line_1_3' title="bbox 173 503 1096 578; baseline 0.008 -7"><span class='ocrx_word' id='word_1_13' title='bbox 173 503 219 572; x_wconf 67' lang='lat' dir='ltr'><strong>B:</strong></span> <span class='ocrx_word' id='word_1_14' title='bbox 236 525 467 578; x_wconf 77' lang='lat' dir='ltr'><strong>cmamtaneum</strong></span> <span class='ocrx_word' id='word_1_15' title='bbox 480 525 586 578; x_wconf 78' lang='lat' dir='ltr'><strong>autem</strong></span> <span class='ocrx_word' id='word_1_16' title='bbox 601 524 692 578; x_wconf 77' lang='lat' dir='ltr'><strong>cette</strong></span> <span class='ocrx_word' id='word_1_17' title='bbox 706 511 822 578; x_wconf 85' lang='lat' dir='ltr'><strong>habere</strong></span> <span class='ocrx_word' id='word_1_18' title='bbox 837 511 1096 578; x_wconf 75' lang='lat' dir='ltr'><strong>benevolentiam.</strong></span> 
     </span>
     <span class='ocr_line' id='line_1_4' title="bbox 172 589 1139 686; baseline 0.004 -28"><span class='ocrx_word' id='word_1_19' title='bbox 172 589 227 658; x_wconf 82' lang='lat' dir='ltr'><strong>Non</strong></span> <span class='ocrx_word' id='word_1_20' title='bbox 236 597 310 662; x_wconf 87' lang='lat' dir='ltr'><strong>enim</strong></span> <span class='ocrx_word' id='word_1_21' title='bbox 320 597 361 662; x_wconf 82' lang='lat' dir='ltr'><strong>dc</strong></span> <span class='ocrx_word' id='word_1_22' title='bbox 373 620 502 662; x_wconf 82' lang='lat' dir='ltr'><strong>merum</strong></span> <span class='ocrx_word' id='word_1_23' title='bbox 511 598 654 676; x_wconf 73' lang='lat' dir='ltr'><strong>sollicita,</strong></span> <span class='ocrx_word' id='word_1_24' title='bbox 665 600 753 686; x_wconf 90' lang='lat' dir='ltr'><strong>quod</strong></span> <span class='ocrx_word' id='word_1_25' title='bbox 764 599 936 664; x_wconf 83' lang='lat' dir='ltr'><strong>inexilium</strong></span> <span class='ocrx_word' id='word_1_26' title='bbox 947 601 1044 665; x_wconf 82' lang='lat' dir='ltr'><strong>timna</strong></span> <span class='ocrx_word' id='word_1_27' title='bbox 1055 597 1139 676; x_wconf 76' lang='lat' dir='ltr'><strong>ituri,</strong></span> 
     </span>
     <span class='ocr_line' id='line_1_5' title="bbox 168 677 1133 772; baseline 0.004 -26"><span class='ocrx_word' id='word_1_28' title='bbox 168 677 304 749; x_wconf 76' lang='lat' dir='ltr'><strong>llbrtero</strong></span> <span class='ocrx_word' id='word_1_29' title='bbox 316 684 494 750; x_wconf 85' lang='lat' dir='ltr'><strong>calamitate</strong></span> <span class='ocrx_word' id='word_1_30' title='bbox 507 685 609 770; x_wconf 86' lang='lat' dir='ltr'><strong>premi</strong></span> <span class='ocrx_word' id='word_1_31' title='bbox 622 685 726 772; x_wconf 81' lang='lat' dir='ltr'><strong>lugeo.</strong></span> <span class='ocrx_word' id='word_1_32' title='bbox 1074 691 1133 751; x_wconf 78' lang='lat'><strong>851</strong></span> 
     </span>
     <span class='ocr_line' id='line_1_6' title="bbox 102 769 791 858; baseline 0.012 -30"><span class='ocrx_word' id='word_1_33' title='bbox 102 769 278 834; x_wconf 71' lang='lat' dir='ltr'><strong>minimae</strong></span> <span class='ocrx_word' id='word_1_34' title='bbox 289 785 379 835; x_wconf 86' lang='lat' dir='ltr'><strong>meua</strong></span> <span class='ocrx_word' id='word_1_35' title='bbox 393 770 523 835; x_wconf 89' lang='lat' dir='ltr'><strong>minime</strong></span> <span class='ocrx_word' id='word_1_36' title='bbox 536 786 584 837; x_wconf 86' lang='lat' dir='ltr'><strong>eat</strong></span> <span class='ocrx_word' id='word_1_37' title='bbox 597 772 791 858; x_wconf 77' lang='lat' dir='ltr'><strong>tyrannicus,</strong></span> 
     </span>
     <span class='ocr_line' id='line_1_7' title="bbox 161 853 893 946; baseline 0.004 -28"><span class='ocrx_word' id='word_1_38' title='bbox 161 853 210 918; x_wconf 68' lang='lat' dir='ltr'><strong>sed</strong></span> <span class='ocrx_word' id='word_1_39' title='bbox 222 855 401 922; x_wconf 69' lang='lat' dir='ltr'><strong>macuntlia</strong></span> <span class='ocrx_word' id='word_1_40' title='bbox 416 857 517 922; x_wconf 82' lang='lat' dir='ltr'><strong>victua</strong></span> <span class='ocrx_word' id='word_1_41' title='bbox 530 857 629 922; x_wconf 89' lang='lat' dir='ltr'><strong>multa</strong></span> <span class='ocrx_word' id='word_1_42' title='bbox 642 879 806 944; x_wconf 75' lang='lat' dir='ltr'><strong>perperam</strong></span> <span class='ocrx_word' id='word_1_43' title='bbox 823 858 893 946; x_wconf 80' lang='lat' dir='ltr'><strong>egi:</strong></span> 
     </span>
     <span class='ocr_line' id='line_1_8' title="bbox 159 937 882 1030; baseline 0.003 -25"><span class='ocrx_word' id='word_1_44' title='bbox 159 937 193 1005; x_wconf 78' lang='lat' dir='ltr'><strong>n</strong></span> <span class='ocrx_word' id='word_1_45' title='bbox 203 963 280 1007; x_wconf 89' lang='lat' dir='ltr'><strong>nuuc</strong></span> <span class='ocrx_word' id='word_1_46' title='bbox 293 941 386 1008; x_wconf 82' lang='lat' dir='ltr'><strong>rideo</strong></span> <span class='ocrx_word' id='word_1_47' title='bbox 398 943 527 1030; x_wconf 80' lang='lat' dir='ltr'><strong>quidem</strong></span> <span class='ocrx_word' id='word_1_48' title='bbox 536 965 588 1010; x_wconf 86' lang='lat' dir='ltr'><strong>me</strong></span> <span class='ocrx_word' id='word_1_49' title='bbox 601 965 742 1030; x_wconf 85' lang='lat' dir='ltr'><strong>peccare,</strong></span> <span class='ocrx_word' id='word_1_50' title='bbox 757 943 882 1024; x_wconf 84' lang='lat' dir='ltr'><strong>mulier,</strong></span> 
     </span>
     <span class='ocr_line' id='line_1_9' title="bbox 155 1029 911 1116; baseline 0.003 -24"><span class='ocrx_word' id='word_1_51' title='bbox 155 1029 286 1094; x_wconf 75' lang='lat' dir='ltr'><strong>Attamen</strong></span> <span class='ocrx_word' id='word_1_52' title='bbox 300 1029 500 1116; x_wconf 73' lang='lat' dir='ltr'><strong>consequeris</strong></span> <span class='ocrx_word' id='word_1_53' title='bbox 514 1029 593 1096; x_wconf 81' lang='lat' dir='ltr'><strong>hoct</strong></span> <span class='ocrx_word' id='word_1_54' title='bbox 616 1029 670 1096; x_wconf 85' lang='lat' dir='ltr'><strong>aed</strong></span> <span class='ocrx_word' id='word_1_55' title='bbox 685 1031 826 1116; x_wconf 74' lang='lat' dir='ltr'><strong>praedico</strong></span> <span class='ocrx_word' id='word_1_56' title='bbox 840 1030 911 1110; x_wconf 87' lang='lat' dir='ltr'><strong>tibi,</strong></span> 
     </span>
     <span class='ocr_line' id='line_1_10' title="bbox 153 1113 634 1200; baseline 0.006 -20"><span class='ocrx_word' id='word_1_57' title='bbox 153 1113 183 1180; x_wconf 85' lang='lat' dir='ltr'><strong>Si</strong></span> <span class='ocrx_word' id='word_1_58' title='bbox 195 1129 223 1178; x_wconf 86' lang='lat' dir='ltr'><strong>ta</strong></span> <span class='ocrx_word' id='word_1_59' title='bbox 235 1129 358 1200; x_wconf 79' lang='lat' dir='ltr'><strong>partera</strong></span> <span class='ocrx_word' id='word_1_60' title='bbox 371 1115 428 1180; x_wconf 80' lang='lat' dir='ltr'><strong>lux</strong></span> <span class='ocrx_word' id='word_1_61' title='bbox 443 1115 505 1181; x_wconf 90' lang='lat' dir='ltr'><strong>Dei</strong></span> <span class='ocrx_word' id='word_1_62' title='bbox 520 1116 634 1183; x_wconf 82' lang='lat' dir='ltr'><strong>viderit</strong></span> 
     </span>
     <span class='ocr_line' id='line_1_11' title="bbox 151 1197 875 1290; baseline 0.007 -26"><span class='ocrx_word' id='word_1_63' title='bbox 151 1197 187 1264; x_wconf 76' lang='lat' dir='ltr'><strong>n</strong></span> <span class='ocrx_word' id='word_1_64' title='bbox 198 1199 308 1266; x_wconf 66' lang='lat' dir='ltr'><strong>tuem</strong></span> <span class='ocrx_word' id='word_1_65' title='bbox 323 1215 394 1268; x_wconf 81' lang='lat' dir='ltr'><strong>tuot</strong></span> <span class='ocrx_word' id='word_1_66' title='bbox 408 1202 494 1267; x_wconf 88' lang='lat' dir='ltr'><strong>intra</strong></span> <span class='ocrx_word' id='word_1_67' title='bbox 508 1203 587 1268; x_wconf 79' lang='lat' dir='ltr'><strong>finer</strong></span> <span class='ocrx_word' id='word_1_68' title='bbox 601 1202 694 1290; x_wconf 80' lang='lat' dir='ltr'><strong>hujus</strong></span> <span class='ocrx_word' id='word_1_69' title='bbox 708 1217 811 1282; x_wconf 78' lang='lat' dir='ltr'><strong>tarrae,</strong></span> <span class='ocrx_word' id='word_1_70' title='bbox 872 1232 875 1243; x_wconf 90' lang='lat'><em>·</em></span> 
     </span>
     <span class='ocr_line' id='line_1_12' title="bbox 149 1283 886 1355; baseline 0.004 -4"><span class='ocrx_word' id='word_1_71' title='bbox 149 1283 305 1352; x_wconf 73' lang='lat' dir='ltr'><strong>Mortem:</strong></span> <span class='ocrx_word' id='word_1_72' title='bbox 326 1287 431 1354; x_wconf 83' lang='lat' dir='ltr'><strong>dictus</strong></span> <span class='ocrx_word' id='word_1_73' title='bbox 446 1301 493 1354; x_wconf 84' lang='lat' dir='ltr'><strong>eat</strong></span> <span class='ocrx_word' id='word_1_74' title='bbox 506 1311 610 1354; x_wconf 82' lang='lat' dir='ltr'><strong>termo</strong></span> <span class='ocrx_word' id='word_1_75' title='bbox 624 1289 755 1355; x_wconf 87' lang='lat' dir='ltr'><strong>hicnon</strong></span> <span class='ocrx_word' id='word_1_76' title='bbox 769 1289 886 1355; x_wconf 82' lang='lat' dir='ltr'><strong>irritus.</strong></span> 
     </span>
     <span class='ocr_line' id='line_1_13' title="bbox 148 1371 1128 1460; baseline 0.005 -23"><span class='ocrx_word' id='word_1_77' title='bbox 148 1371 232 1438; x_wconf 81' lang='lat' dir='ltr'><strong>Nona</strong></span> <span class='ocrx_word' id='word_1_78' title='bbox 245 1373 354 1456; x_wconf 72' lang='lat' dir='ltr'><strong>igitur,</strong></span> <span class='ocrx_word' id='word_1_79' title='bbox 370 1375 395 1438; x_wconf 83' lang='lat' dir='ltr'><strong>ri</strong></span> <span class='ocrx_word' id='word_1_80' title='bbox 410 1387 536 1460; x_wconf 77' lang='lat' dir='ltr'><strong>oportet</strong></span> <span class='ocrx_word' id='word_1_81' title='bbox 551 1387 580 1440; x_wconf 85' lang='lat' dir='ltr'><strong>te</strong></span> <span class='ocrx_word' id='word_1_82' title='bbox 596 1397 732 1453; x_wconf 87' lang='lat' dir='ltr'><strong>manere,</strong></span> <span class='ocrx_word' id='word_1_83' title='bbox 748 1397 841 1442; x_wconf 87' lang='lat' dir='ltr'><strong>mana</strong></span> <span class='ocrx_word' id='word_1_84' title='bbox 855 1376 895 1442; x_wconf 85' lang='lat' dir='ltr'><strong>ad</strong></span> <span class='ocrx_word' id='word_1_85' title='bbox 912 1398 1011 1441; x_wconf 88' lang='lat' dir='ltr'><strong>unum</strong></span> <span class='ocrx_word' id='word_1_86' title='bbox 1026 1375 1128 1442; x_wconf 85' lang='lat' dir='ltr'><strong>diem:</strong></span> 
     </span>
     <span class='ocr_line' id='line_1_14' title="bbox 145 1459 1137 1550; baseline 0.004 -26"><span class='ocrx_word' id='word_1_87' title='bbox 145 1459 210 1524; x_wconf 81' lang='lat' dir='ltr'><strong>Non</strong></span> <span class='ocrx_word' id='word_1_88' title='bbox 224 1459 308 1526; x_wconf 75' lang='lat' dir='ltr'><strong>etnim</strong></span> <span class='ocrx_word' id='word_1_89' title='bbox 319 1459 415 1526; x_wconf 73' lang='lat' dir='ltr'><strong>facies</strong></span> <span class='ocrx_word' id='word_1_90' title='bbox 428 1461 547 1548; x_wconf 86' lang='lat' dir='ltr'><strong>aliquid</strong></span> <span class='ocrx_word' id='word_1_91' title='bbox 563 1461 636 1526; x_wconf 85' lang='lat' dir='ltr'><strong>mali</strong></span> <span class='ocrx_word' id='word_1_92' title='bbox 651 1484 772 1541; x_wconf 88' lang='lat' dir='ltr'><strong>eorum,</strong></span> <span class='ocrx_word' id='word_1_93' title='bbox 787 1485 861 1550; x_wconf 82' lang='lat' dir='ltr'><strong>quoe</strong></span> <span class='ocrx_word' id='word_1_94' title='bbox 875 1476 993 1528; x_wconf 83' lang='lat' dir='ltr'><strong>metuo.</strong></span> <span class='ocrx_word' id='word_1_95' title='bbox 1074 1473 1137 1530; x_wconf 85' lang='lat'><strong>860</strong></span> 
     </span>
     <span class='ocr_line' id='line_1_15' title="bbox 80 1543 424 1628; baseline 0.006 -20"><span class='ocrx_word' id='word_1_96' title='bbox 80 1543 267 1624; x_wconf 62' lang='lat' dir='ltr'><strong>eottnaix</strong></span> <span class='ocrx_word' id='word_1_97' title='bbox 283 1546 424 1628; x_wconf 68' lang='lat' dir='ltr'><strong>mulien)</strong></span> 
     </span>
     <span class='ocr_line' id='line_1_16' title="bbox 143 1630 741 1702; baseline 0.007 -4"><span class='ocrx_word' id='word_1_98' title='bbox 143 1631 212 1698; x_wconf 76' lang='lat' dir='ltr'><strong>Heu</strong></span> <span class='ocrx_word' id='word_1_99' title='bbox 226 1631 289 1698; x_wconf 85' lang='lat' dir='ltr'><strong>hen</strong></span> <span class='ocrx_word' id='word_1_100' title='bbox 304 1635 312 1698; x_wconf 79' lang='lat' dir='ltr'><strong>i</strong></span> <span class='ocrx_word' id='word_1_101' title='bbox 338 1632 451 1698; x_wconf 78' lang='lat' dir='ltr'><strong>mirera</strong></span> <span class='ocrx_word' id='word_1_102' title='bbox 464 1630 507 1698; x_wconf 91' lang='lat' dir='ltr'><strong>ob</strong></span> <span class='ocrx_word' id='word_1_103' title='bbox 522 1647 592 1700; x_wconf 78' lang='lat' dir='ltr'><strong>tucn</strong></span> <span class='ocrx_word' id='word_1_104' title='bbox 605 1633 741 1702; x_wconf 79' lang='lat' dir='ltr'><strong>doloret.</strong></span> 
     </span>
     <span class='ocr_line' id='line_1_17' title="bbox 141 1717 775 1807; baseline 0.003 -23"><span class='ocrx_word' id='word_1_105' title='bbox 141 1717 286 1796; x_wconf 85' lang='lat' dir='ltr'><strong>Quonam</strong></span> <span class='ocrx_word' id='word_1_106' title='bbox 300 1733 333 1784; x_wconf 89' lang='lat' dir='ltr'><strong>te</strong></span> <span class='ocrx_word' id='word_1_107' title='bbox 348 1717 471 1784; x_wconf 76' lang='lat' dir='ltr'><strong>vertet?</strong></span> <span class='ocrx_word' id='word_1_108' title='bbox 491 1720 576 1806; x_wconf 92' lang='lat' dir='ltr'><strong>quod</strong></span> <span class='ocrx_word' id='word_1_109' title='bbox 592 1719 775 1807; x_wconf 78' lang='lat' dir='ltr'><strong>hospitium,</strong></span> 
     </span>
     <span class='ocr_line' id='line_1_18' title="bbox 139 1803 1069 1956; baseline 0.003 -88"><span class='ocrx_word' id='word_1_110' title='bbox 139 1807 200 1956; x_wconf 55' lang='lat' dir='ltr'><strong>ppt</strong></span> <span class='ocrx_word' id='word_1_111' title='bbox 212 1827 309 1932; x_wconf 72' lang='lat' dir='ltr'><strong>qpatp</strong></span> <span class='ocrx_word' id='word_1_112' title='bbox 325 1803 470 1888; x_wconf 88' lang='lat' dir='ltr'><strong>domum,</strong></span> <span class='ocrx_word' id='word_1_113' title='bbox 486 1821 641 1874; x_wconf 72' lang='lat' dir='ltr'><strong>terramve</strong></span> <span class='ocrx_word' id='word_1_114' title='bbox 655 1830 727 1894; x_wconf 79' lang='lat' dir='ltr'><strong>qun</strong></span> <span class='ocrx_word' id='word_1_115' title='bbox 741 1807 854 1873; x_wconf 86' lang='lat' dir='ltr'><strong>liberet</strong></span> <span class='ocrx_word' id='word_1_116' title='bbox 866 1820 899 1872; x_wconf 86' lang='lat' dir='ltr'><strong>te</strong></span> <span class='ocrx_word' id='word_1_117' title='bbox 913 1806 963 1872; x_wconf 84' lang='lat' dir='ltr'><strong>hia</strong></span> <span class='ocrx_word' id='word_1_118' title='bbox 979 1809 1069 1872; x_wconf 80' lang='lat' dir='ltr'><strong>maiis</strong></span> 
     </span>
     <span class='ocr_line' id='line_1_19' title="bbox 176 1913 297 1958; baseline -0.008 -1"><span class='ocrx_word' id='word_1_119' title='bbox 176 1913 297 1958; x_wconf 78' lang='lat' dir='ltr'><strong>venter.</strong></span> 
     </span>
     <span class='ocr_line' id='line_1_20' title="bbox 141 1975 845 2066; baseline 0 -22"><span class='ocrx_word' id='word_1_120' title='bbox 141 1975 241 2054; x_wconf 82' lang='lat' dir='ltr'><strong>Qnam</strong></span> <span class='ocrx_word' id='word_1_121' title='bbox 256 1991 291 2044; x_wconf 87' lang='lat' dir='ltr'><strong>te</strong></span> <span class='ocrx_word' id='word_1_122' title='bbox 303 1977 396 2043; x_wconf 78' lang='lat' dir='ltr'><strong>Deua</strong></span> <span class='ocrx_word' id='word_1_123' title='bbox 409 1978 441 2042; x_wconf 93' lang='lat' dir='ltr'><strong>in</strong></span> <span class='ocrx_word' id='word_1_124' title='bbox 455 1978 615 2046; x_wconf 85' lang='lat' dir='ltr'><strong>difficilem</strong></span> <span class='ocrx_word' id='word_1_125' title='bbox 631 1992 845 2066; x_wconf 65' lang='lat' dir='ltr'><strong>tcmpaatatem</strong></span> 
     </span>
     <span class='ocr_line' id='line_1_21' title="bbox 142 2061 569 2144; baseline 0.005 -14"><span class='ocrx_word' id='word_1_126' title='bbox 142 2061 299 2130; x_wconf 75' lang='lat' dir='ltr'><strong>Malorum</strong></span> <span class='ocrx_word' id='word_1_127' title='bbox 313 2063 416 2144; x_wconf 82' lang='lat' dir='ltr'><strong>duxit,</strong></span> <span class='ocrx_word' id='word_1_128' title='bbox 432 2063 569 2132; x_wconf 72' lang='lat' dir='ltr'><strong>Medea.</strong></span> 
     </span>
     <span class='ocr_line' id='line_1_22' title="bbox 80 2149 961 2240; baseline 0.006 -29"><span class='ocrx_word' id='word_1_129' title='bbox 80 2149 264 2240; x_wconf 79' lang='lat' dir='ltr'><strong>ranUbiqne</strong></span> <span class='ocrx_word' id='word_1_130' title='bbox 278 2149 363 2216; x_wconf 79' lang='lat' dir='ltr'><strong>mala</strong></span> <span class='ocrx_word' id='word_1_131' title='bbox 378 2173 500 2216; x_wconf 86' lang='lat' dir='ltr'><strong>mecum</strong></span> <span class='ocrx_word' id='word_1_132' title='bbox 515 2152 632 2240; x_wconf 82' lang='lat' dir='ltr'><strong>igitur:</strong></span> <span class='ocrx_word' id='word_1_133' title='bbox 655 2152 726 2239; x_wconf 83' lang='lat' dir='ltr'><strong>qnia</strong></span> <span class='ocrx_word' id='word_1_134' title='bbox 741 2151 961 2218; x_wconf 70' lang='lat' dir='ltr'><strong>contradicet?</strong></span> 
     </span>
     <span class='ocr_line' id='line_1_23' title="bbox 142 2235 781 2324; baseline 0 -20"><span class='ocrx_word' id='word_1_135' title='bbox 142 2236 198 2304; x_wconf 78' lang='lat' dir='ltr'><strong>Sed</strong></span> <span class='ocrx_word' id='word_1_136' title='bbox 212 2261 278 2304; x_wconf 91' lang='lat' dir='ltr'><strong>non</strong></span> <span class='ocrx_word' id='word_1_137' title='bbox 291 2241 339 2304; x_wconf 80' lang='lat' dir='ltr'><strong>tic</strong></span> <span class='ocrx_word' id='word_1_138' title='bbox 354 2235 423 2302; x_wconf 68' lang='lat' dir='ltr'><strong>hee</strong></span> <span class='ocrx_word' id='word_1_139' title='bbox 438 2237 583 2321; x_wconf 83' lang='lat' dir='ltr'><strong>abibunt,</strong></span> <span class='ocrx_word' id='word_1_140' title='bbox 597 2261 638 2302; x_wconf 88' lang='lat' dir='ltr'><strong>rte</strong></span> <span class='ocrx_word' id='word_1_141' title='bbox 651 2239 781 2324; x_wconf 77' lang='lat' dir='ltr'><strong>putetis.</strong></span> 
     </span>
     <span class='ocr_line' id='line_1_24' title="bbox 142 2323 1137 2412; baseline 0 -22"><span class='ocrx_word' id='word_1_142' title='bbox 142 2323 269 2391; x_wconf 81' lang='lat' dir='ltr'><strong>Reatant</strong></span> <span class='ocrx_word' id='word_1_143' title='bbox 283 2323 391 2390; x_wconf 85' lang='lat' dir='ltr'><strong>adhuc</strong></span> <span class='ocrx_word' id='word_1_144' title='bbox 403 2323 466 2388; x_wconf 89' lang='lat' dir='ltr'><strong>alia</strong></span> <span class='ocrx_word' id='word_1_145' title='bbox 480 2325 652 2390; x_wconf 74' lang='lat' dir='ltr'><strong>cortamina</strong></span> <span class='ocrx_word' id='word_1_146' title='bbox 667 2325 754 2390; x_wconf 77' lang='lat' dir='ltr'><strong>novis</strong></span> <span class='ocrx_word' id='word_1_147' title='bbox 768 2325 900 2412; x_wconf 78' lang='lat' dir='ltr'><strong>spontis,</strong></span> <span class='ocrx_word' id='word_1_148' title='bbox 1073 2330 1137 2393; x_wconf 77' lang='lat' dir='ltr'><strong>sto</strong></span> 
     </span>
     <span class='ocr_line' id='line_1_25' title="bbox 143 2409 625 2500; baseline 0.004 -26"><span class='ocrx_word' id='word_1_149' title='bbox 143 2409 180 2474; x_wconf 80' lang='lat' dir='ltr'><strong>Et</strong></span> <span class='ocrx_word' id='word_1_150' title='bbox 192 2433 255 2476; x_wconf 90' lang='lat' dir='ltr'><strong>non</strong></span> <span class='ocrx_word' id='word_1_151' title='bbox 270 2411 390 2500; x_wconf 79' lang='lat' dir='ltr'><strong>exigua</strong></span> <span class='ocrx_word' id='word_1_152' title='bbox 402 2411 486 2475; x_wconf 84' lang='lat' dir='ltr'><strong>mala</strong></span> <span class='ocrx_word' id='word_1_153' title='bbox 499 2411 625 2476; x_wconf 86' lang='lat' dir='ltr'><strong>soceris.</strong></span> 
     </span>
     <span class='ocr_line' id='line_1_26' title="bbox 142 2495 1138 2584; baseline -0.004 -20"><span class='ocrx_word' id='word_1_154' title='bbox 142 2495 233 2564; x_wconf 75' lang='lat' dir='ltr'><strong>Putat</strong></span> <span class='ocrx_word' id='word_1_155' title='bbox 246 2499 332 2564; x_wconf 81' lang='lat' dir='ltr'><strong>enim</strong></span> <span class='ocrx_word' id='word_1_156' title='bbox 346 2519 398 2562; x_wconf 83' lang='lat' dir='ltr'><strong>mc</strong></span> <span class='ocrx_word' id='word_1_157' title='bbox 412 2495 500 2563; x_wconf 85' lang='lat' dir='ltr'><strong>hunc</strong></span> <span class='ocrx_word' id='word_1_158' title='bbox 512 2497 638 2563; x_wconf 79' lang='lat' dir='ltr'><strong>blandit</strong></span> <span class='ocrx_word' id='word_1_159' title='bbox 650 2497 755 2562; x_wconf 84' lang='lat' dir='ltr'><strong>verbia</strong></span> <span class='ocrx_word' id='word_1_160' title='bbox 768 2497 1032 2584; x_wconf 83' lang='lat' dir='ltr'><strong>compellaturum</strong></span> <span class='ocrx_word' id='word_1_161' title='bbox 1043 2495 1138 2561; x_wconf 78' lang='lat' dir='ltr'><strong>fuisse</strong></span> 
     </span>
     <span class='ocr_line' id='line_1_27' title="bbox 218 2607 359 2650; baseline 0 0"><span class='ocrx_word' id='word_1_162' title='bbox 218 2607 261 2650; x_wconf 93' lang='lat' dir='ltr'><strong>un</strong></span> <span class='ocrx_word' id='word_1_163' title='bbox 288 2607 359 2650; x_wconf 88' lang='lat' dir='ltr'><strong>narn</strong></span> 
     </span>
     <span class='ocr_line' id='line_1_28' title="bbox 141 2609 914 2758; baseline 0.001 -24"><span class='ocrx_word' id='word_1_164' title='bbox 141 2667 204 2734; x_wconf 76' lang='lat' dir='ltr'><strong>Nini</strong></span> <span class='ocrx_word' id='word_1_165' title='bbox 218 2609 340 2758; x_wconf 70' lang='lat' dir='ltr'><strong>aiiqquid</strong></span> <span class='ocrx_word' id='word_1_166' title='bbox 354 2629 435 2736; x_wconf 75' lang='lat' dir='ltr'><strong>lircri</strong></span> <span class='ocrx_word' id='word_1_167' title='bbox 448 2685 607 2758; x_wconf 85' lang='lat' dir='ltr'><strong>captarem</strong></span> <span class='ocrx_word' id='word_1_168' title='bbox 623 2683 678 2737; x_wconf 87' lang='lat' dir='ltr'><strong>ant</strong></span> <span class='ocrx_word' id='word_1_169' title='bbox 691 2668 914 2735; x_wconf 74' lang='lat' dir='ltr'><strong>machinarer?</strong></span> 
     </span>
     <span class='ocr_line' id='line_1_29' title="bbox 141 2755 1077 2910; baseline 0 -88"><span class='ocrx_word' id='word_1_170' title='bbox 141 2755 247 2908; x_wconf 48' lang='lat' dir='ltr'><strong>{iffae</strong></span> <span class='ocrx_word' id='word_1_171' title='bbox 260 2779 337 2822; x_wconf 81' lang='lat' dir='ltr'><strong>anae</strong></span> <span class='ocrx_word' id='word_1_172' title='bbox 349 2755 487 2910; x_wconf 50' lang='lat' dir='ltr'><strong>:timcndae</strong></span> <span class='ocrx_word' id='word_1_173' title='bbox 500 2779 609 2838; x_wconf 80' lang='lat' dir='ltr'><strong>casem,</strong></span> <span class='ocrx_word' id='word_1_174' title='bbox 621 2779 724 2860; x_wconf 74' lang='lat' dir='ltr'><strong>neque</strong></span> <span class='ocrx_word' id='word_1_175' title='bbox 737 2758 910 2846; x_wconf 74' lang='lat' dir='ltr'><strong>attigissem</strong></span> <span class='ocrx_word' id='word_1_176' title='bbox 924 2755 1077 2822; x_wconf 78' lang='lat' dir='ltr'><strong>manibus.</strong></span> 
     </span>
     <span class='ocr_line' id='line_1_30' title="bbox 209 2859 635 2908; baseline 0 0"><span class='ocrx_word' id='word_1_177' title='bbox 209 2865 287 2908; x_wconf 79' lang='lat' dir='ltr'><strong>roro</strong></span> <span class='ocrx_word' id='word_1_178' title='bbox 300 2865 340 2908; x_wconf 89' lang='lat' dir='ltr'><strong>eo</strong></span> <span class='ocrx_word' id='word_1_179' title='bbox 418 2859 441 2908; x_wconf 85' lang='lat' dir='ltr'><strong>tt</strong></span> <span class='ocrx_word' id='word_1_180' title='bbox 469 2867 495 2908; x_wconf 84' lang='lat' dir='ltr'><strong>te</strong></span> <span class='ocrx_word' id='word_1_181' title='bbox 551 2866 635 2908; x_wconf 79' lang='lat' dir='ltr'><strong>ruent</strong></span> 
     </span>
     <span class='ocr_line' id='line_1_31' title="bbox 143 2859 866 3016; baseline -0.001 -21"><span class='ocrx_word' id='word_1_182' title='bbox 143 2927 195 3012; x_wconf 90' lang='lat' dir='ltr'><strong>Ut,</strong></span> <span class='ocrx_word' id='word_1_183' title='bbox 209 2951 282 2996; x_wconf 85' lang='lat' dir='ltr'><strong>cnm</strong></span> <span class='ocrx_word' id='word_1_184' title='bbox 299 2945 405 3016; x_wconf 78' lang='lat' dir='ltr'><strong>portet</strong></span> <span class='ocrx_word' id='word_1_185' title='bbox 419 2931 486 3016; x_wconf 84' lang='lat' dir='ltr'><strong>ipae</strong></span> <span class='ocrx_word' id='word_1_186' title='bbox 498 2859 720 2996; x_wconf 48' lang='lat' dir='ltr'><strong>eiiceret’mea</strong></span> <span class='ocrx_word' id='word_1_187' title='bbox 735 2929 866 2994; x_wconf 75' lang='lat' dir='ltr'><strong>concilia</strong></span> 
     </span>
     <span class='ocr_line' id='line_1_32' title="bbox 141 3014 966 3103; baseline 0 -23"><span class='ocrx_word' id='word_1_188' title='bbox 141 3015 173 3080; x_wconf 74' lang='lat' dir='ltr'><strong>St</strong></span> <span class='ocrx_word' id='word_1_189' title='bbox 187 3039 236 3082; x_wconf 81' lang='lat' dir='ltr'><strong>me</strong></span> <span class='ocrx_word' id='word_1_190' title='bbox 249 3015 392 3103; x_wconf 58' lang='lat' dir='ltr'><strong>decutet</strong></span> <span class='ocrx_word' id='word_1_191' title='bbox 404 3037 445 3082; x_wconf 86' lang='lat' dir='ltr'><strong>ex</strong></span> <span class='ocrx_word' id='word_1_192' title='bbox 460 3015 520 3082; x_wconf 85' lang='lat' dir='ltr'><strong>hac</strong></span> <span class='ocrx_word' id='word_1_193' title='bbox 534 3031 628 3092; x_wconf 87' lang='lat' dir='ltr'><strong>terra,</strong></span> <span class='ocrx_word' id='word_1_194' title='bbox 642 3017 831 3084; x_wconf 81' lang='lat' dir='ltr'><strong>concesserit</strong></span> <span class='ocrx_word' id='word_1_195' title='bbox 845 3015 904 3080; x_wconf 86' lang='lat' dir='ltr'><strong>hoe</strong></span> <span class='ocrx_word' id='word_1_196' title='bbox 913 3014 966 3081; x_wconf 91' lang='lat' dir='ltr'><strong>die</strong></span> 
     </span>
     <span class='ocr_line' id='line_1_33' title="bbox 141 3099 953 3189; baseline -0.001 -22"><span class='ocrx_word' id='word_1_197' title='bbox 141 3099 194 3168; x_wconf 72' lang='lat' dir='ltr'><strong>He</strong></span> <span class='ocrx_word' id='word_1_198' title='bbox 208 3125 345 3181; x_wconf 82' lang='lat' dir='ltr'><strong>manere,</strong></span> <span class='ocrx_word' id='word_1_199' title='bbox 361 3125 427 3189; x_wconf 90' lang='lat' dir='ltr'><strong>quo</strong></span> <span class='ocrx_word' id='word_1_200' title='bbox 440 3117 502 3168; x_wconf 85' lang='lat' dir='ltr'><strong>trea</strong></span> <span class='ocrx_word' id='word_1_201' title='bbox 516 3125 556 3168; x_wconf 80' lang='lat' dir='ltr'><strong>nx</strong></span> <span class='ocrx_word' id='word_1_202' title='bbox 571 3103 648 3169; x_wconf 88' lang='lat' dir='ltr'><strong>meia</strong></span> <span class='ocrx_word' id='word_1_203' title='bbox 661 3101 798 3167; x_wconf 83' lang='lat' dir='ltr'><strong>inimicia</strong></span> <span class='ocrx_word' id='word_1_204' title='bbox 813 3119 953 3167; x_wconf 87' lang='lat' dir='ltr'><strong>mortuoa</strong></span> 
     </span>
     <span class='ocr_line' id='line_1_34' title="bbox 140 3186 994 3292; baseline 0 -38"><span class='ocrx_word' id='word_1_205' title='bbox 140 3186 239 3266; x_wconf 80' lang='lat' dir='ltr'><strong>Dabo,</strong></span> <span class='ocrx_word' id='word_1_206' title='bbox 253 3203 443 3278; x_wconf 79' lang='lat' dir='ltr'><strong>patremque</strong></span> <span class='ocrx_word' id='word_1_207' title='bbox 456 3189 654 3292; x_wconf 80' lang='lat' dir='ltr'><strong>puellamque</strong></span> <span class='ocrx_word' id='word_1_208' title='bbox 667 3202 700 3255; x_wconf 87' lang='lat' dir='ltr'><strong>et</strong></span> <span class='ocrx_word' id='word_1_209' title='bbox 715 3211 820 3254; x_wconf 83' lang='lat' dir='ltr'><strong>meum</strong></span> <span class='ocrx_word' id='word_1_210' title='bbox 834 3189 994 3254; x_wconf 87' lang='lat' dir='ltr'><strong>maritum.</strong></span> 
     </span>
     <span class='ocr_line' id='line_1_35' title="bbox 141 3273 1137 3352; baseline 0 -12"><span class='ocrx_word' id='word_1_211' title='bbox 141 3273 198 3340; x_wconf 73' lang='lat' dir='ltr'><strong>sen</strong></span> <span class='ocrx_word' id='word_1_212' title='bbox 212 3299 285 3342; x_wconf 83' lang='lat' dir='ltr'><strong>enm</strong></span> <span class='ocrx_word' id='word_1_213' title='bbox 301 3275 436 3342; x_wconf 85' lang='lat' dir='ltr'><strong>habeam</strong></span> <span class='ocrx_word' id='word_1_214' title='bbox 450 3275 565 3342; x_wconf 81' lang='lat' dir='ltr'><strong>multat</strong></span> <span class='ocrx_word' id='word_1_215' title='bbox 579 3297 645 3342; x_wconf 79' lang='lat' dir='ltr'><strong>vtes</strong></span> <span class='ocrx_word' id='word_1_216' title='bbox 658 3273 868 3342; x_wconf 85' lang='lat' dir='ltr'><strong>interficiendi</strong></span> <span class='ocrx_word' id='word_1_217' title='bbox 882 3297 946 3352; x_wconf 81' lang='lat' dir='ltr'><strong>eoa,</strong></span> <span class='ocrx_word' id='word_1_218' title='bbox 1073 3283 1137 3340; x_wconf 75' lang='lat'><strong>³80</strong></span> 
     </span>
     <span class='ocr_line' id='line_1_36' title="bbox 140 3357 899 3452; baseline -0.001 -26"><span class='ocrx_word' id='word_1_219' title='bbox 140 3357 210 3426; x_wconf 82' lang='lat' dir='ltr'><strong>Non</strong></span> <span class='ocrx_word' id='word_1_220' title='bbox 223 3363 302 3444; x_wconf 83' lang='lat' dir='ltr'><strong>acic,</strong></span> <span class='ocrx_word' id='word_1_221' title='bbox 316 3383 413 3450; x_wconf 84' lang='lat' dir='ltr'><strong>quam</strong></span> <span class='ocrx_word' id='word_1_222' title='bbox 429 3363 564 3448; x_wconf 89' lang='lat' dir='ltr'><strong>primum</strong></span> <span class='ocrx_word' id='word_1_223' title='bbox 579 3363 757 3452; x_wconf 75' lang='lat' dir='ltr'><strong>aggrediar,</strong></span> <span class='ocrx_word' id='word_1_224' title='bbox 772 3361 899 3428; x_wconf 81' lang='lat' dir='ltr'><strong>amicte:</strong></span> 
     </span>
     <span class='ocr_line' id='line_1_37' title="bbox 141 3445 816 3536; baseline 0.001 -24"><span class='ocrx_word' id='word_1_225' title='bbox 141 3445 252 3514; x_wconf 82' lang='lat' dir='ltr'><strong>Utrum</strong></span> <span class='ocrx_word' id='word_1_226' title='bbox 267 3449 441 3516; x_wconf 79' lang='lat' dir='ltr'><strong>accendam</strong></span> <span class='ocrx_word' id='word_1_227' title='bbox 456 3447 586 3514; x_wconf 87' lang='lat' dir='ltr'><strong>domum</strong></span> <span class='ocrx_word' id='word_1_228' title='bbox 600 3471 726 3536; x_wconf 77' lang='lat' dir='ltr'><strong>apcneae</strong></span> <span class='ocrx_word' id='word_1_229' title='bbox 739 3447 816 3534; x_wconf 76' lang='lat' dir='ltr'><strong>igni,</strong></span> 
     </span>
     <span class='ocr_line' id='line_1_38' title="bbox 140 3535 794 3626; baseline 0 -28"><span class='ocrx_word' id='word_1_230' title='bbox 140 3535 189 3598; x_wconf 74' lang='lat' dir='ltr'><strong>An</strong></span> <span class='ocrx_word' id='word_1_231' title='bbox 203 3535 330 3626; x_wconf 74' lang='lat' dir='ltr'><strong>adigam</strong></span> <span class='ocrx_word' id='word_1_232' title='bbox 344 3549 475 3600; x_wconf 81' lang='lat' dir='ltr'><strong>acutum</strong></span> <span class='ocrx_word' id='word_1_233' title='bbox 489 3557 594 3600; x_wconf 81' lang='lat' dir='ltr'><strong>entem</strong></span> <span class='ocrx_word' id='word_1_234' title='bbox 612 3558 670 3624; x_wconf 88' lang='lat' dir='ltr'><strong>per</strong></span> <span class='ocrx_word' id='word_1_235' title='bbox 684 3535 794 3620; x_wconf 83' lang='lat' dir='ltr'><strong>hepar,</strong></span> 
     </span>
     <span class='ocr_line' id='line_1_39' title="bbox 141 3619 930 3710; baseline -0.005 -24"><span class='ocrx_word' id='word_1_236' title='bbox 141 3619 227 3686; x_wconf 60' lang='lat' dir='ltr'><strong>(hm</strong></span> <span class='ocrx_word' id='word_1_237' title='bbox 242 3623 387 3710; x_wconf 73' lang='lat' dir='ltr'><strong>ingrana</strong></span> <span class='ocrx_word' id='word_1_238' title='bbox 399 3622 542 3701; x_wconf 84' lang='lat' dir='ltr'><strong>domum,</strong></span> <span class='ocrx_word' id='word_1_239' title='bbox 558 3622 612 3688; x_wconf 91' lang='lat' dir='ltr'><strong>ubi</strong></span> <span class='ocrx_word' id='word_1_240' title='bbox 627 3621 725 3688; x_wconf 81' lang='lat' dir='ltr'><strong>lectur</strong></span> <span class='ocrx_word' id='word_1_241' title='bbox 738 3634 787 3686; x_wconf 87' lang='lat' dir='ltr'><strong>cat</strong></span> <span class='ocrx_word' id='word_1_242' title='bbox 802 3631 930 3686; x_wconf 78' lang='lat' dir='ltr'><strong>stratur.</strong></span> 
     </span>
     <span class='ocr_line' id='line_1_40' title="bbox 141 3705 977 3792; baseline -0.005 -20"><span class='ocrx_word' id='word_1_243' title='bbox 141 3705 199 3772; x_wconf 66' lang='lat' dir='ltr'><strong>aaa</strong></span> <span class='ocrx_word' id='word_1_244' title='bbox 213 3729 313 3774; x_wconf 87' lang='lat' dir='ltr'><strong>unum</strong></span> <span class='ocrx_word' id='word_1_245' title='bbox 329 3723 377 3774; x_wconf 83' lang='lat' dir='ltr'><strong>eat</strong></span> <span class='ocrx_word' id='word_1_246' title='bbox 390 3707 469 3774; x_wconf 81' lang='lat' dir='ltr'><strong>mihi</strong></span> <span class='ocrx_word' id='word_1_247' title='bbox 483 3709 694 3775; x_wconf 85' lang='lat' dir='ltr'><strong>contrarium:</strong></span> <span class='ocrx_word' id='word_1_248' title='bbox 717 3708 743 3772; x_wconf 85' lang='lat' dir='ltr'><strong>ai</strong></span> <span class='ocrx_word' id='word_1_249' title='bbox 756 3705 977 3792; x_wconf 81' lang='lat' dir='ltr'><strong>deprehendar</strong></span> 
     </span>
     <span class='ocr_line' id='line_1_41' title="bbox 294 3793 706 3872; baseline 0 -12"><span class='ocrx_word' id='word_1_250' title='bbox 294 3793 426 3860; x_wconf 82' lang='lat' dir='ltr'><strong>domurn</strong></span> <span class='ocrx_word' id='word_1_251' title='bbox 441 3809 475 3860; x_wconf 83' lang='lat' dir='ltr'><strong>et</strong></span> <span class='ocrx_word' id='word_1_252' title='bbox 490 3794 622 3860; x_wconf 79' lang='lat' dir='ltr'><strong>moliens</strong></span> <span class='ocrx_word' id='word_1_253' title='bbox 635 3797 706 3872; x_wconf 81' lang='lat' dir='ltr'><strong>iata,</strong></span> 
     </span>
     <span class='ocr_line' id='line_1_42' title="bbox 257 3879 858 3967; baseline -0.007 -21"><span class='ocrx_word' id='word_1_254' title='bbox 257 3903 330 3946; x_wconf 81' lang='lat' dir='ltr'><strong>mea</strong></span> <span class='ocrx_word' id='word_1_255' title='bbox 343 3881 442 3946; x_wconf 82' lang='lat' dir='ltr'><strong>tirum</strong></span> <span class='ocrx_word' id='word_1_256' title='bbox 456 3881 608 3967; x_wconf 78' lang='lat' dir='ltr'><strong>praebebo</strong></span> <span class='ocrx_word' id='word_1_257' title='bbox 622 3882 700 3946; x_wconf 79' lang='lat' dir='ltr'><strong>meir</strong></span> <span class='ocrx_word' id='word_1_258' title='bbox 713 3879 858 3946; x_wconf 80' lang='lat' dir='ltr'><strong>inimicia.</strong></span> 
     </span>
     <span class='ocr_line' id='line_1_43' title="bbox 138 3963 880 4056; baseline -0.003 -24"><span class='ocrx_word' id='word_1_259' title='bbox 138 3963 304 4052; x_wconf 73' lang='grc' dir='ltr'><strong>Ομὶιιιιιω</strong></span> <span class='ocrx_word' id='word_1_260' title='bbox 317 3979 365 4032; x_wconf 83' lang='lat' dir='ltr'><strong>eat</strong></span> <span class='ocrx_word' id='word_1_261' title='bbox 379 3981 466 4034; x_wconf 85' lang='lat' dir='ltr'><strong>recta</strong></span> <span class='ocrx_word' id='word_1_262' title='bbox 479 3969 532 4033; x_wconf 85' lang='lat' dir='ltr'><strong>via</strong></span> <span class='ocrx_word' id='word_1_263' title='bbox 544 3967 678 4056; x_wconf 77' lang='lat' dir='ltr'><strong>ingredi,</strong></span> <span class='ocrx_word' id='word_1_264' title='bbox 694 3989 759 4054; x_wconf 88' lang='lat' dir='ltr'><strong>qna</strong></span> <span class='ocrx_word' id='word_1_265' title='bbox 772 3987 880 4032; x_wconf 80' lang='lat' dir='ltr'><strong>sumna</strong></span> 
     </span>
     <span class='ocr_line' id='line_1_44' title="bbox 138 4049 795 4132; baseline 0.005 -17"><span class='ocrx_word' id='word_1_266' title='bbox 138 4049 287 4118; x_wconf 82' lang='lat' dir='ltr'><strong>Potentra</strong></span> <span class='ocrx_word' id='word_1_267' title='bbox 299 4053 450 4132; x_wconf 82' lang='lat' dir='ltr'><strong>maxime,</strong></span> <span class='ocrx_word' id='word_1_268' title='bbox 465 4055 592 4121; x_wconf 79' lang='lat' dir='ltr'><strong>venecia</strong></span> <span class='ocrx_word' id='word_1_269' title='bbox 605 4075 660 4120; x_wconf 86' lang='lat' dir='ltr'><strong>eoa</strong></span> <span class='ocrx_word' id='word_1_270' title='bbox 673 4075 795 4120; x_wconf 77' lang='lat' dir='ltr'><strong>neem.</strong></span> 
     </span>
     <span class='ocr_line' id='line_1_45' title="bbox 136 4133 1198 4228; baseline -0.004 -24"><span class='ocrx_word' id='word_1_271' title='bbox 136 4134 231 4204; x_wconf 69' lang='lat' dir='ltr'><strong>rato:</strong></span> <span class='ocrx_word' id='word_1_272' title='bbox 254 4140 362 4228; x_wconf 77' lang='lat' dir='ltr'><strong>etjam</strong></span> <span class='ocrx_word' id='word_1_273' title='bbox 377 4141 440 4206; x_wconf 82' lang='lat' dir='ltr'><strong>rint</strong></span> <span class='ocrx_word' id='word_1_274' title='bbox 454 4141 594 4208; x_wconf 83' lang='lat' dir='ltr'><strong>mortui:</strong></span> <span class='ocrx_word' id='word_1_275' title='bbox 617 4163 689 4226; x_wconf 83' lang='lat' dir='ltr'><strong>qnae</strong></span> <span class='ocrx_word' id='word_1_276' title='bbox 706 4162 756 4205; x_wconf 87' lang='lat' dir='ltr'><strong>ma</strong></span> <span class='ocrx_word' id='word_1_277' title='bbox 770 4139 879 4206; x_wconf 83' lang='lat' dir='ltr'><strong>civitat</strong></span> <span class='ocrx_word' id='word_1_278' title='bbox 892 4133 1050 4224; x_wconf 78' lang='lat' dir='ltr'><strong>excipiet?</strong></span> <span class='ocrx_word' id='word_1_279' title='bbox 1073 4141 1136 4200; x_wconf 79' lang='grc'><strong>890</strong></span> <span class='ocrx_word' id='word_1_280' title='bbox 1194 4166 1198 4174; x_wconf 94' lang='grc'><em>·</em></span> 
     </span>
     <span class='ocr_line' id='line_1_46' title="bbox 133 4221 780 4300; baseline -0.003 -8"><span class='ocrx_word' id='word_1_281' title='bbox 133 4221 217 4300; x_wconf 73' lang='lat' dir='ltr'><strong>Quia</strong></span> <span class='ocrx_word' id='word_1_282' title='bbox 228 4241 349 4292; x_wconf 74' lang='lat' dir='ltr'><strong>terram</strong></span> <span class='ocrx_word' id='word_1_283' title='bbox 362 4239 449 4294; x_wconf 83' lang='lat' dir='ltr'><strong>taam</strong></span> <span class='ocrx_word' id='word_1_284' title='bbox 465 4241 497 4294; x_wconf 83' lang='lat' dir='ltr'><strong>et</strong></span> <span class='ocrx_word' id='word_1_285' title='bbox 510 4227 642 4294; x_wconf 86' lang='lat' dir='ltr'><strong>domum</strong></span> <span class='ocrx_word' id='word_1_286' title='bbox 656 4226 780 4292; x_wconf 84' lang='lat' dir='ltr'><strong>firmam</strong></span> 
     </span>
     <span class='ocr_line' id='line_1_47' title="bbox 134 4307 851 4466; baseline -0.003 -88"><span class='ocrx_word' id='word_1_287' title='bbox 134 4307 288 4380; x_wconf 64' lang='lat' dir='ltr'><strong>hbent</strong></span> <span class='ocrx_word' id='word_1_288' title='bbox 303 4315 418 4400; x_wconf 75' lang='lat' dir='ltr'><strong>harpe·</strong></span> <span class='ocrx_word' id='word_1_289' title='bbox 431 4327 576 4404; x_wconf 76' lang='lat' dir='ltr'><strong>proteget</strong></span> <span class='ocrx_word' id='word_1_290' title='bbox 589 4335 695 4466; x_wconf 53' lang='lat' dir='ltr'>&#39;geum</span> <span class='ocrx_word' id='word_1_291' title='bbox 710 4310 851 4399; x_wconf 81' lang='lat' dir='ltr'><strong>corpur?</strong></span> 
     </span>
     <span class='ocr_line' id='line_1_48' title="bbox 572 4421 594 4466; baseline 0 0"><span class='ocrx_word' id='word_1_292' title='bbox 572 4421 594 4466; x_wconf 78' lang='grc' dir='ltr'>ι</span> 
     </span>
    </p>
   </div>
   <div class='ocr_carea' id='block_1_4' title="bbox 0 0 1418 4864">
    <p class='ocr_par' dir='ltr' id='par_1_4' title="bbox 0 0 1418 4864">
     <span class='ocr_line' id='line_1_49' title="bbox 0 0 1418 4864; baseline 0 0"><span class='ocrx_word' id='word_1_293' title='bbox 0 0 1418 4864; x_wconf 95' lang='lat' dir='ltr'><strong> </strong></span> 
     </span>
    </p>
   </div>
  </div>
 </body>
</html>
