<?xml version="1.0" encoding="UTF-8"?>
<!DOCTYPE html PUBLIC "-//W3C//DTD XHTML 1.0 Transitional//EN"
    "http://www.w3.org/TR/xhtml1/DTD/xhtml1-transitional.dtd">
<html xmlns="http://www.w3.org/1999/xhtml" xml:lang="en" lang="en">
 <head>
  <title>
</title>
<meta http-equiv="Content-Type" content="text/html;charset=utf-8" />
  <meta name='ocr-system' content='tesseract 3.04.00' />
  <meta name='ocr-capabilities' content='ocr_page ocr_carea ocr_par ocr_line ocrx_word'/>
</head>
<body>
  <div class='ocr_page' id='page_1' title='image "./euripidistragoe00mattgoog/euripidistragoe00mattgoog_0563.png"; bbox 0 0 2882 4858; ppageno 0'>
   <div class='ocr_carea' id='block_1_1' title="bbox 611 213 939 280">
    <p class='ocr_par' dir='ltr' id='par_1_1' title="bbox 611 213 939 280">
     <span class='ocr_line' id='line_1_1' title="bbox 611 213 939 280; baseline 0.006 -2"><span class='ocrx_word' id='word_1_1' title='bbox 611 213 939 280; x_wconf 83' lang='lat' dir='ltr'>EURIPIDIS</span> 
     </span>
    </p>
   </div>
   <div class='ocr_carea' id='block_1_2' title="bbox 135 387 1319 4350">
    <p class='ocr_par' dir='ltr' id='par_1_2' title="bbox 135 387 1319 4350">
     <span class='ocr_line' id='line_1_2' title="bbox 324 387 863 473; baseline 0 -19"><span class='ocrx_word' id='word_1_2' title='bbox 324 389 512 456; x_wconf 82' lang='lat' dir='ltr'>Liberorum</span> <span class='ocrx_word' id='word_1_3' title='bbox 527 388 642 473; x_wconf 89' lang='lat' dir='ltr'><strong>quibos</strong></span> <span class='ocrx_word' id='word_1_4' title='bbox 655 387 810 454; x_wconf 60' lang='lat' dir='ltr'><strong>boundoe</strong></span> <span class='ocrx_word' id='word_1_5' title='bbox 859 437 863 446; x_wconf 83' lang='grc'><strong>.</strong></span> 
     </span>
     <span class='ocr_line' id='line_1_3' title="bbox 324 474 717 541; baseline -0.008 0"><span class='ocrx_word' id='word_1_6' title='bbox 324 474 513 541; x_wconf 82' lang='lat' dir='ltr'><strong>Accendant</strong></span> <span class='ocrx_word' id='word_1_7' title='bbox 526 474 558 538; x_wconf 93' lang='lat' dir='ltr'><strong>in</strong></span> <span class='ocrx_word' id='word_1_8' title='bbox 574 474 717 538; x_wconf 75' lang='lat' dir='ltr'><strong>thalamis</strong></span> 
     </span>
     <span class='ocr_line' id='line_1_4' title="bbox 324 560 770 645; baseline -0.002 -18"><span class='ocrx_word' id='word_1_9' title='bbox 324 560 572 628; x_wconf 75' lang='lat' dir='ltr'><strong>Portisfloridae</strong></span> <span class='ocrx_word' id='word_1_10' title='bbox 582 562 770 645; x_wconf 77' lang='lat' dir='ltr'>juventutes,</span> 
     </span>
     <span class='ocr_line' id='line_1_5' title="bbox 326 646 693 713; baseline -0.005 0"><span class='ocrx_word' id='word_1_11' title='bbox 326 647 554 713; x_wconf 80' lang='lat' dir='ltr'><strong>Haercditsrios</strong></span> <span class='ocrx_word' id='word_1_12' title='bbox 568 646 693 711; x_wconf 86' lang='lat' dir='ltr'><strong>divitias</strong></span> 
     </span>
     <span class='ocr_line' id='line_1_6' title="bbox 325 733 877 817; baseline -0.004 -19"><span class='ocrx_word' id='word_1_13' title='bbox 325 733 512 798; x_wconf 82' lang='lat' dir='ltr'><strong>Tradituros</strong></span> <span class='ocrx_word' id='word_1_14' title='bbox 528 753 625 817; x_wconf 87' lang='lat' dir='ltr'><strong>porro</strong></span> <span class='ocrx_word' id='word_1_15' title='bbox 638 755 679 798; x_wconf 86' lang='lat' dir='ltr'>ex</span> <span class='ocrx_word' id='word_1_16' title='bbox 694 733 877 816; x_wconf 81' lang='lat' dir='ltr'><strong>parentibus</strong></span> 
     </span>
     <span class='ocr_line' id='line_1_7' title="bbox 326 819 663 884; baseline -0.006 0"><span class='ocrx_word' id='word_1_17' title='bbox 326 819 407 884; x_wconf 83' lang='lat' dir='ltr'><strong>Aliis</strong></span> <span class='ocrx_word' id='word_1_18' title='bbox 421 819 482 884; x_wconf 88' lang='lat' dir='ltr'><strong>adh</strong></span> <span class='ocrx_word' id='word_1_19' title='bbox 488 841 526 883; x_wconf 92' lang='lat' dir='ltr'><strong>uc</strong></span> <span class='ocrx_word' id='word_1_20' title='bbox 540 819 663 882; x_wconf 87' lang='lat' dir='ltr'><strong>liberis:</strong></span> 
     </span>
     <span class='ocr_line' id='line_1_8' title="bbox 326 904 809 972; baseline -0.004 -1"><span class='ocrx_word' id='word_1_21' title='bbox 326 904 513 971; x_wconf 83' lang='lat' dir='ltr'><strong>Prsesidium</strong></span> <span class='ocrx_word' id='word_1_22' title='bbox 527 905 610 972; x_wconf 84' lang='lat' dir='ltr'>enim</span> <span class='ocrx_word' id='word_1_23' title='bbox 627 905 659 968; x_wconf 89' lang='lat' dir='ltr'><strong>in</strong></span> <span class='ocrx_word' id='word_1_24' title='bbox 674 905 809 969; x_wconf 84' lang='lat' dir='ltr'><strong>adversis</strong></span> 
     </span>
     <span class='ocr_line' id='line_1_9' title="bbox 326 989 779 1077; baseline -0.009 -19"><span class='ocrx_word' id='word_1_25' title='bbox 326 991 369 1058; x_wconf 85' lang='lat' dir='ltr'><strong>Et</strong></span> <span class='ocrx_word' id='word_1_26' title='bbox 383 993 415 1056; x_wconf 84' lang='lat' dir='ltr'><strong>in</strong></span> <span class='ocrx_word' id='word_1_27' title='bbox 431 991 589 1077; x_wconf 78' lang='lat' dir='ltr'>prosperis</span> <span class='ocrx_word' id='word_1_28' title='bbox 602 989 779 1068; x_wconf 77' lang='lat' dir='ltr'><strong>oblectatio,</strong></span> 
     </span>
     <span class='ocr_line' id='line_1_10' title="bbox 326 1074 765 1164; baseline -0.011 -18"><span class='ocrx_word' id='word_1_29' title='bbox 326 1079 493 1164; x_wconf 88' lang='lat' dir='ltr'><strong>Armisque</strong></span> <span class='ocrx_word' id='word_1_30' title='bbox 507 1076 574 1141; x_wconf 91' lang='lat' dir='ltr'><strong>solo</strong></span> <span class='ocrx_word' id='word_1_31' title='bbox 589 1076 692 1158; x_wconf 88' lang='lat' dir='ltr'><strong>patrio</strong></span> <span class='ocrx_word' id='word_1_32' title='bbox 705 1074 765 1141; x_wconf 79' lang='lat' dir='ltr'><strong>fert</strong></span> 
     </span>
     <span class='ocr_line' id='line_1_11' title="bbox 326 1164 619 1247; baseline -0.01 -17"><span class='ocrx_word' id='word_1_33' title='bbox 326 1164 500 1230; x_wconf 73' lang='lat' dir='ltr'>Salutarem</span> <span class='ocrx_word' id='word_1_34' title='bbox 516 1183 619 1247; x_wconf 86' lang='lat' dir='ltr'>opem.</span> 
     </span>
     <span class='ocr_line' id='line_1_12' title="bbox 326 1247 812 1334; baseline -0.004 -20"><span class='ocrx_word' id='word_1_35' title='bbox 326 1249 410 1314; x_wconf 87' lang='lat' dir='ltr'>Mihi</span> <span class='ocrx_word' id='word_1_36' title='bbox 426 1247 550 1334; x_wconf 90' lang='lat' dir='ltr'><strong>quidem</strong></span> <span class='ocrx_word' id='word_1_37' title='bbox 570 1263 601 1312; x_wconf 87' lang='lat' dir='ltr'><strong>et</strong></span> <span class='ocrx_word' id='word_1_38' title='bbox 616 1271 682 1333; x_wconf 84' lang='lat' dir='ltr'><strong>proe</strong></span> <span class='ocrx_word' id='word_1_39' title='bbox 697 1249 812 1312; x_wconf 89' lang='lat' dir='ltr'><strong>divitiis</strong></span> 
     </span>
     <span class='ocr_line' id='line_1_13' title="bbox 327 1333 767 1421; baseline -0.005 -19"><span class='ocrx_word' id='word_1_40' title='bbox 327 1335 370 1402; x_wconf 85' lang='lat' dir='ltr'><strong>Et</strong></span> <span class='ocrx_word' id='word_1_41' title='bbox 385 1335 477 1421; x_wconf 80' lang='lat' dir='ltr'>regiis</span> <span class='ocrx_word' id='word_1_42' title='bbox 491 1333 636 1399; x_wconf 74' lang='lat' dir='ltr'><strong>thalamis</strong></span> <span class='ocrx_word' id='word_1_43' title='bbox 650 1335 767 1400; x_wconf 82' lang='lat' dir='ltr'><strong>suerint</strong></span> 
     </span>
     <span class='ocr_line' id='line_1_14' title="bbox 327 1419 1033 1490; baseline 0.007 -5"><span class='ocrx_word' id='word_1_44' title='bbox 327 1420 538 1486; x_wconf 85' lang='lat' dir='ltr'><strong>Educationos</strong></span> <span class='ocrx_word' id='word_1_45' title='bbox 552 1419 667 1485; x_wconf 73' lang='lat' dir='ltr'><strong>sedulio</strong></span> <span class='ocrx_word' id='word_1_46' title='bbox 682 1420 837 1486; x_wconf 89' lang='lat' dir='ltr'><strong>bonorum</strong></span> <span class='ocrx_word' id='word_1_47' title='bbox 851 1420 1033 1490; x_wconf 91' lang='lat' dir='ltr'><strong>liberorum.</strong></span> 
     </span>
     <span class='ocr_line' id='line_1_15' title="bbox 324 1507 597 1572; baseline -0.007 0"><span class='ocrx_word' id='word_1_48' title='bbox 324 1507 389 1572; x_wconf 92' lang='lat' dir='ltr'><strong>Odi</strong></span> <span class='ocrx_word' id='word_1_49' title='bbox 403 1528 476 1572; x_wconf 83' lang='lat' dir='ltr'>vero</span> <span class='ocrx_word' id='word_1_50' title='bbox 489 1507 597 1572; x_wconf 85' lang='lat' dir='ltr'><strong>orbam</strong></span> 
     </span>
     <span class='ocr_line' id='line_1_16' title="bbox 322 1591 1048 1677; baseline 0 -21"><span class='ocrx_word' id='word_1_51' title='bbox 322 1593 448 1657; x_wconf 80' lang='lat' dir='ltr'><strong>Vitam:</strong></span> <span class='ocrx_word' id='word_1_52' title='bbox 472 1605 503 1656; x_wconf 89' lang='lat' dir='ltr'><strong>et</strong></span> <span class='ocrx_word' id='word_1_53' title='bbox 517 1593 542 1656; x_wconf 87' lang='lat' dir='ltr'><strong>si</strong></span> <span class='ocrx_word' id='word_1_54' title='bbox 557 1591 607 1656; x_wconf 92' lang='lat' dir='ltr'><strong>cui</strong></span> <span class='ocrx_word' id='word_1_55' title='bbox 618 1592 730 1676; x_wconf 84' lang='lat' dir='ltr'><strong>placet,</strong></span> <span class='ocrx_word' id='word_1_56' title='bbox 746 1595 821 1658; x_wconf 76' lang='lat' dir='ltr'><strong>lutor</strong></span> <span class='ocrx_word' id='word_1_57' title='bbox 834 1593 1048 1677; x_wconf 86' lang='lat' dir='ltr'>reprehendo:</span> 
     </span>
     <span class='ocr_line' id='line_1_17' title="bbox 324 1679 1041 1745; baseline -0.001 -1"><span class='ocrx_word' id='word_1_58' title='bbox 324 1679 407 1744; x_wconf 82' lang='lat' dir='ltr'><strong>cam</strong></span> <span class='ocrx_word' id='word_1_59' title='bbox 422 1679 632 1744; x_wconf 79' lang='lat' dir='ltr'><strong>mediocribus</strong></span> <span class='ocrx_word' id='word_1_60' title='bbox 646 1701 721 1744; x_wconf 83' lang='lat' dir='ltr'>vero</span> <span class='ocrx_word' id='word_1_61' title='bbox 735 1679 932 1745; x_wconf 73' lang='lat' dir='ltr'><strong>facultatibus</strong></span> <span class='ocrx_word' id='word_1_62' title='bbox 947 1681 1041 1745; x_wconf 81' lang='lat' dir='ltr'><strong>vitam</strong></span> 
     </span>
     <span class='ocr_line' id='line_1_18' title="bbox 324 1763 714 1832; baseline 0.005 -2"><span class='ocrx_word' id='word_1_63' title='bbox 324 1763 555 1830; x_wconf 79' lang='lat' dir='ltr'>Prole-felicem</span> <span class='ocrx_word' id='word_1_64' title='bbox 572 1765 714 1832; x_wconf 80' lang='lat' dir='ltr'><strong>habeam.</strong></span> 
     </span>
     <span class='ocr_line' id='line_1_19' title="bbox 326 1851 618 1916; baseline 0.003 -2"><span class='ocrx_word' id='word_1_65' title='bbox 326 1853 357 1914; x_wconf 95' lang='grc' dir='ltr'><strong>Ο</strong></span> <span class='ocrx_word' id='word_1_66' title='bbox 371 1851 460 1916; x_wconf 85' lang='lat' dir='ltr'>sedes</span> <span class='ocrx_word' id='word_1_67' title='bbox 477 1851 572 1916; x_wconf 85' lang='lat' dir='ltr'><strong>Panis</strong></span> <span class='ocrx_word' id='word_1_68' title='bbox 585 1863 618 1915; x_wconf 91' lang='lat' dir='ltr'><strong>et</strong></span> 
     </span>
     <span class='ocr_line' id='line_1_20' title="bbox 328 1937 544 2022; baseline 0.009 -22"><span class='ocrx_word' id='word_1_69' title='bbox 328 1937 442 2001; x_wconf 81' lang='lat' dir='ltr'><strong>Vicina</strong></span> <span class='ocrx_word' id='word_1_70' title='bbox 455 1951 544 2022; x_wconf 84' lang='lat' dir='ltr'><strong>petra</strong></span> 
     </span>
     <span class='ocr_line' id='line_1_21' title="bbox 326 2022 653 2098; baseline -0.003 -11"><span class='ocrx_word' id='word_1_71' title='bbox 326 2023 510 2088; x_wconf 74' lang='lat' dir='ltr'>cavernosis</span> <span class='ocrx_word' id='word_1_72' title='bbox 523 2022 653 2098; x_wconf 84' lang='lat' dir='ltr'><strong>Macris,</strong></span> 
     </span>
     <span class='ocr_line' id='line_1_22' title="bbox 325 2109 816 2194; baseline -0.004 -18"><span class='ocrx_word' id='word_1_73' title='bbox 325 2109 393 2176; x_wconf 89' lang='lat' dir='ltr'><strong>Ubi</strong></span> <span class='ocrx_word' id='word_1_74' title='bbox 407 2109 531 2175; x_wconf 74' lang='lat' dir='ltr'><strong>chores</strong></span> <span class='ocrx_word' id='word_1_75' title='bbox 544 2109 671 2194; x_wconf 81' lang='lat' dir='ltr'><strong>pulsent</strong></span> <span class='ocrx_word' id='word_1_76' title='bbox 747 2111 816 2176; x_wconf 88' lang='lat' dir='ltr'><strong>ibus</strong></span> 
     </span>
     <span class='ocr_line' id='line_1_23' title="bbox 327 2195 740 2298; baseline -0.005 -38"><span class='ocrx_word' id='word_1_77' title='bbox 327 2195 461 2298; x_wconf 69' lang='lat' dir='ltr'><strong>Aprauli</strong></span> <span class='ocrx_word' id='word_1_78' title='bbox 476 2195 612 2280; x_wconf 85' lang='lat' dir='ltr'><strong>triplices</strong></span> <span class='ocrx_word' id='word_1_79' title='bbox 626 2218 689 2281; x_wconf 88' lang='lat' dir='ltr'><strong>pue</strong></span> <span class='ocrx_word' id='word_1_80' title='bbox 701 2195 740 2258; x_wconf 82' lang='lat' dir='ltr'><strong>lae</strong></span> 
     </span>
     <span class='ocr_line' id='line_1_24' title="bbox 324 2281 805 2346; baseline 0 0"><span class='ocrx_word' id='word_1_81' title='bbox 324 2281 448 2346; x_wconf 79' lang='lat' dir='ltr'><strong>Viridis</strong></span> <span class='ocrx_word' id='word_1_82' title='bbox 462 2281 562 2346; x_wconf 88' lang='lat' dir='ltr'><strong>stadia</strong></span> <span class='ocrx_word' id='word_1_83' title='bbox 578 2297 652 2346; x_wconf 90' lang='lat' dir='ltr'><strong>ante</strong></span> <span class='ocrx_word' id='word_1_84' title='bbox 668 2282 805 2346; x_wconf 89' lang='lat' dir='ltr'><strong>Palladis</strong></span> 
     </span>
     <span class='ocr_line' id='line_1_25' title="bbox 324 2367 590 2451; baseline -0.008 -17"><span class='ocrx_word' id='word_1_85' title='bbox 324 2367 471 2451; x_wconf 82' lang='lat' dir='ltr'><strong>Templa,</strong></span> <span class='ocrx_word' id='word_1_86' title='bbox 487 2367 590 2432; x_wconf 77' lang='lat' dir='ltr'><strong>fistula</strong></span> 
     </span>
     <span class='ocr_line' id='line_1_26' title="bbox 325 2451 1081 2542; baseline 0.001 -24"><span class='ocrx_word' id='word_1_87' title='bbox 325 2451 565 2518; x_wconf 89' lang='lat' dir='ltr'><strong>Modulatorum</strong></span> <span class='ocrx_word' id='word_1_88' title='bbox 580 2453 621 2517; x_wconf 88' lang='lat' dir='ltr'><strong>ad</strong></span> <span class='ocrx_word' id='word_1_89' title='bbox 637 2455 740 2518; x_wconf 78' lang='lat' dir='ltr'><strong>varios</strong></span> <span class='ocrx_word' id='word_1_90' title='bbox 755 2454 866 2520; x_wconf 89' lang='lat' dir='ltr'><strong>modos</strong></span> <span class='ocrx_word' id='word_1_91' title='bbox 880 2454 1081 2542; x_wconf 84' lang='lat' dir='ltr'>hymnorum,</span> 
     </span>
     <span class='ocr_line' id='line_1_27' title="bbox 325 2538 900 2624; baseline 0.003 -19"><span class='ocrx_word' id='word_1_92' title='bbox 325 2538 465 2616; x_wconf 86' lang='lat' dir='ltr'><strong>Quando</strong></span> <span class='ocrx_word' id='word_1_93' title='bbox 478 2539 672 2624; x_wconf 86' lang='lat' dir='ltr'>vespertinus</span> <span class='ocrx_word' id='word_1_94' title='bbox 687 2540 900 2620; x_wconf 87' lang='lat' dir='ltr'><strong>fistula-canis,</strong></span> 
     </span>
     <span class='ocr_line' id='line_1_28' title="bbox 325 2625 699 2704; baseline -0.005 -12"><span class='ocrx_word' id='word_1_95' title='bbox 325 2625 358 2692; x_wconf 93' lang='lat' dir='ltr'>O</span> <span class='ocrx_word' id='word_1_96' title='bbox 373 2625 452 2704; x_wconf 80' lang='lat' dir='ltr'>Pan,</span> <span class='ocrx_word' id='word_1_97' title='bbox 467 2625 530 2692; x_wconf 86' lang='lat' dir='ltr'><strong>tuis</strong></span> <span class='ocrx_word' id='word_1_98' title='bbox 544 2627 577 2690; x_wconf 91' lang='lat' dir='ltr'><strong>in</strong></span> <span class='ocrx_word' id='word_1_99' title='bbox 592 2627 699 2704; x_wconf 85' lang='lat' dir='ltr'><strong>antris,</strong></span> 
     </span>
     <span class='ocr_line' id='line_1_29' title="bbox 326 2711 1092 2799; baseline -0.003 -21"><span class='ocrx_word' id='word_1_100' title='bbox 326 2711 392 2778; x_wconf 91' lang='lat' dir='ltr'><strong>Ubi</strong></span> <span class='ocrx_word' id='word_1_101' title='bbox 406 2713 532 2798; x_wconf 86' lang='lat' dir='ltr'>pariens</span> <span class='ocrx_word' id='word_1_102' title='bbox 546 2712 692 2799; x_wconf 83' lang='lat' dir='ltr'><strong>quaedam</strong></span> <span class='ocrx_word' id='word_1_103' title='bbox 1086 2777 1092 2784; x_wconf 80' lang='grc'>,</span> 
     </span>
     <span class='ocr_line' id='line_1_30' title="bbox 317 2797 963 2886; baseline 0.002 -24"><span class='ocrx_word' id='word_1_104' title='bbox 317 2798 502 2886; x_wconf 58' lang='lat' dir='ltr'><strong>,Virgo-O</strong></span> <span class='ocrx_word' id='word_1_105' title='bbox 515 2797 648 2864; x_wconf 79' lang='lat' dir='ltr'>misero!</span> <span class='ocrx_word' id='word_1_106' title='bbox 673 2797 823 2864; x_wconf 85' lang='lat' dir='ltr'><strong>infantem</strong></span> <span class='ocrx_word' id='word_1_107' title='bbox 839 2798 963 2864; x_wconf 85' lang='lat' dir='ltr'><strong>Plroebo</strong></span> 
     </span>
     <span class='ocr_line' id='line_1_31' title="bbox 326 2884 819 2969; baseline 0.002 -22"><span class='ocrx_word' id='word_1_108' title='bbox 326 2884 484 2969; x_wconf 86' lang='lat' dir='ltr'><strong>Exposuit</strong></span> <span class='ocrx_word' id='word_1_109' title='bbox 500 2884 624 2968; x_wconf 89' lang='lat' dir='ltr'><strong>epulam</strong></span> <span class='ocrx_word' id='word_1_110' title='bbox 640 2885 819 2950; x_wconf 87' lang='lat' dir='ltr'><strong>volucribus</strong></span> 
     </span>
     <span class='ocr_line' id='line_1_32' title="bbox 326 2968 1049 3056; baseline -0.004 -20"><span class='ocrx_word' id='word_1_111' title='bbox 326 2969 369 3036; x_wconf 86' lang='lat' dir='ltr'><strong>Et</strong></span> <span class='ocrx_word' id='word_1_112' title='bbox 382 2968 455 3034; x_wconf 88' lang='lat' dir='ltr'>feris</span> <span class='ocrx_word' id='word_1_113' title='bbox 468 2985 629 3036; x_wconf 88' lang='lat' dir='ltr'><strong>cruentam</strong></span> <span class='ocrx_word' id='word_1_114' title='bbox 644 2973 766 3056; x_wconf 86' lang='lat' dir='ltr'><strong>dapem,</strong></span> <span class='ocrx_word' id='word_1_115' title='bbox 782 2971 885 3036; x_wconf 82' lang='lat' dir='ltr'>exorsi</span> <span class='ocrx_word' id='word_1_116' title='bbox 899 2970 1049 3036; x_wconf 88' lang='lat' dir='ltr'><strong>connubii</strong></span> 
     </span>
     <span class='ocr_line' id='line_1_33' title="bbox 326 3055 1246 3136; baseline -0.002 -16"><span class='ocrx_word' id='word_1_117' title='bbox 326 3055 493 3120; x_wconf 87' lang='lat' dir='ltr'><strong>Probrum.</strong></span> <span class='ocrx_word' id='word_1_118' title='bbox 538 3057 606 3120; x_wconf 88' lang='lat' dir='ltr'><strong>Nec</strong></span> <span class='ocrx_word' id='word_1_119' title='bbox 620 3057 702 3120; x_wconf 89' lang='lat' dir='ltr'>inter</span> <span class='ocrx_word' id='word_1_120' title='bbox 715 3057 819 3122; x_wconf 86' lang='lat' dir='ltr'><strong>radios</strong></span> <span class='ocrx_word' id='word_1_121' title='bbox 832 3059 996 3136; x_wconf 73' lang='lat' dir='ltr'><strong>sertorius,</strong></span> <span class='ocrx_word' id='word_1_122' title='bbox 1010 3077 1069 3121; x_wconf 90' lang='lat' dir='ltr'><strong>nec</strong></span> <span class='ocrx_word' id='word_1_123' title='bbox 1081 3055 1246 3120; x_wconf 75' lang='lat' dir='ltr'><strong>cantilenis</strong></span> 
     </span>
     <span class='ocr_line' id='line_1_34' title="bbox 324 3140 1318 3230; baseline -0.004 -24"><span class='ocrx_word' id='word_1_124' title='bbox 324 3140 454 3206; x_wconf 82' lang='lat' dir='ltr'><strong>Famam</strong></span> <span class='ocrx_word' id='word_1_125' title='bbox 470 3141 587 3223; x_wconf 82' lang='lat' dir='ltr'><strong>audivI,</strong></span> <span class='ocrx_word' id='word_1_126' title='bbox 600 3141 754 3208; x_wconf 85' lang='lat' dir='ltr'><strong>felicitatis</strong></span> <span class='ocrx_word' id='word_1_127' title='bbox 767 3164 833 3206; x_wconf 87' lang='lat' dir='ltr'>esse</span> <span class='ocrx_word' id='word_1_128' title='bbox 846 3144 1013 3230; x_wconf 78' lang='lat' dir='ltr'><strong>participes</strong></span> <span class='ocrx_word' id='word_1_129' title='bbox 1255 3147 1318 3205; x_wconf 83' lang='lat'><strong>510</strong></span> 
     </span>
     <span class='ocr_line' id='line_1_35' title="bbox 325 3227 916 3328; baseline 0.003 -37"><span class='ocrx_word' id='word_1_130' title='bbox 325 3227 454 3292; x_wconf 83' lang='lat' dir='ltr'>Liberos</span> <span class='ocrx_word' id='word_1_131' title='bbox 468 3249 489 3292; x_wconf 89' lang='lat' dir='ltr'><strong>o</strong></span> <span class='ocrx_word' id='word_1_132' title='bbox 503 3228 575 3293; x_wconf 87' lang='lat' dir='ltr'>Diis</span> <span class='ocrx_word' id='word_1_133' title='bbox 588 3229 710 3328; x_wconf 69' lang='lat' dir='ltr'>genitos</span> <span class='ocrx_word' id='word_1_134' title='bbox 724 3228 916 3294; x_wconf 87' lang='lat' dir='ltr'><strong>mortalibus.</strong></span> 
     </span>
     <span class='ocr_line' id='line_1_36' title="bbox 241 3312 998 3402; baseline -0.003 -24"><span class='ocrx_word' id='word_1_135' title='bbox 241 3333 316 3380; x_wconf 76' lang='lat' dir='ltr'><strong>rou.</strong></span> <span class='ocrx_word' id='word_1_136' title='bbox 327 3313 473 3393; x_wconf 82' lang='lat' dir='ltr'><strong>Ancillae,</strong></span> <span class='ocrx_word' id='word_1_137' title='bbox 487 3337 559 3402; x_wconf 77' lang='lat' dir='ltr'><strong>qum</strong></span> <span class='ocrx_word' id='word_1_138' title='bbox 572 3337 654 3378; x_wconf 80' lang='lat' dir='ltr'><strong>circs</strong></span> <span class='ocrx_word' id='word_1_139' title='bbox 668 3313 874 3402; x_wconf 72' lang='lat' dir='ltr'><strong>basim&#39;lrujus</strong></span> <span class='ocrx_word' id='word_1_140' title='bbox 888 3312 998 3398; x_wconf 80' lang='lat' dir='ltr'><strong>templi</strong></span> 
     </span>
     <span class='ocr_line' id='line_1_37' title="bbox 325 3399 1285 3476; baseline -0.001 -11"><span class='ocrx_word' id='word_1_141' title='bbox 325 3399 414 3465; x_wconf 91' lang='lat' dir='ltr'><strong>Sacri</strong></span> <span class='ocrx_word' id='word_1_142' title='bbox 427 3401 601 3465; x_wconf 75' lang='lat' dir='ltr'><strong>custodium</strong></span> <span class='ocrx_word' id='word_1_143' title='bbox 615 3399 765 3466; x_wconf 85' lang='lat' dir='ltr'>habentes</span> <span class='ocrx_word' id='word_1_144' title='bbox 778 3400 943 3465; x_wconf 88' lang='lat' dir='ltr'><strong>dominum</strong></span> <span class='ocrx_word' id='word_1_145' title='bbox 959 3399 1091 3464; x_wconf 68' lang='lat' dir='ltr'><strong>Xuthum</strong></span> <span class='ocrx_word' id='word_1_146' title='bbox 1105 3399 1285 3476; x_wconf 62' lang='lat' dir='ltr'><strong>ouantis,</strong></span> 
     </span>
     <span class='ocr_line' id='line_1_38' title="bbox 326 3484 1115 3572; baseline 0 -22"><span class='ocrx_word' id='word_1_147' title='bbox 326 3484 507 3571; x_wconf 85' lang='lat' dir='ltr'>Reliquitne</span> <span class='ocrx_word' id='word_1_148' title='bbox 516 3488 583 3572; x_wconf 83' lang='lat' dir='ltr'>jsrn</span> <span class='ocrx_word' id='word_1_149' title='bbox 598 3509 720 3552; x_wconf 86' lang='lat' dir='ltr'><strong>sacrum</strong></span> <span class='ocrx_word' id='word_1_150' title='bbox 736 3486 892 3571; x_wconf 83' lang='lat' dir='ltr'><strong>tripodem</strong></span> <span class='ocrx_word' id='word_1_151' title='bbox 906 3501 938 3552; x_wconf 88' lang='lat' dir='ltr'><strong>et</strong></span> <span class='ocrx_word' id='word_1_152' title='bbox 952 3485 1115 3550; x_wconf 83' lang='lat' dir='ltr'><strong>orsculum</strong></span> 
     </span>
     <span class='ocr_line' id='line_1_39' title="bbox 324 3571 1203 3662; baseline 0.001 -27"><span class='ocrx_word' id='word_1_153' title='bbox 324 3571 461 3649; x_wconf 90' lang='lat' dir='ltr'><strong>Xuthus,</strong></span> <span class='ocrx_word' id='word_1_154' title='bbox 477 3595 518 3637; x_wconf 84' lang='lat' dir='ltr'><strong>an</strong></span> <span class='ocrx_word' id='word_1_155' title='bbox 532 3587 637 3638; x_wconf 88' lang='lat' dir='ltr'><strong>manet</strong></span> <span class='ocrx_word' id='word_1_156' title='bbox 651 3573 683 3637; x_wconf 93' lang='lat' dir='ltr'><strong>in</strong></span> <span class='ocrx_word' id='word_1_157' title='bbox 699 3573 768 3638; x_wconf 82' lang='lat' dir='ltr'><strong>aede</strong></span> <span class='ocrx_word' id='word_1_158' title='bbox 781 3573 975 3662; x_wconf 83' lang='lat' dir='ltr'><strong>interrogans</strong></span> <span class='ocrx_word' id='word_1_159' title='bbox 989 3571 1031 3636; x_wconf 89' lang='lat' dir='ltr'><strong>de</strong></span> <span class='ocrx_word' id='word_1_160' title='bbox 1043 3571 1203 3636; x_wconf 81' lang='lat' dir='ltr'><strong>orbitate?</strong></span> 
     </span>
     <span class='ocr_line' id='line_1_40' title="bbox 242 3656 1308 3747; baseline -0.001 -25"><span class='ocrx_word' id='word_1_161' title='bbox 242 3677 318 3722; x_wconf 82' lang='lat' dir='ltr'><strong>cao.</strong></span> <span class='ocrx_word' id='word_1_162' title='bbox 327 3657 419 3722; x_wconf 88' lang='lat' dir='ltr'><strong>Intus</strong></span> <span class='ocrx_word' id='word_1_163' title='bbox 433 3673 491 3736; x_wconf 91' lang='lat' dir='ltr'>est,</span> <span class='ocrx_word' id='word_1_164' title='bbox 508 3658 541 3723; x_wconf 92' lang='lat'>0</span> <span class='ocrx_word' id='word_1_165' title='bbox 555 3657 682 3743; x_wconf 86' lang='lat' dir='ltr'>hospes:</span> <span class='ocrx_word' id='word_1_166' title='bbox 705 3658 846 3724; x_wconf 89' lang='lat' dir='ltr'><strong>nondum</strong></span> <span class='ocrx_word' id='word_1_167' title='bbox 861 3681 1001 3747; x_wconf 77' lang='lat' dir='ltr'>egressus</span> <span class='ocrx_word' id='word_1_168' title='bbox 1014 3671 1062 3724; x_wconf 83' lang='lat' dir='ltr'><strong>est</strong></span> <span class='ocrx_word' id='word_1_169' title='bbox 1074 3679 1116 3722; x_wconf 82' lang='lat' dir='ltr'>ex</span> <span class='ocrx_word' id='word_1_170' title='bbox 1129 3656 1190 3722; x_wconf 77' lang='lat' dir='ltr'><strong>hoc</strong></span> <span class='ocrx_word' id='word_1_171' title='bbox 1203 3657 1308 3721; x_wconf 85' lang='lat' dir='ltr'><strong>domo.</strong></span> 
     </span>
     <span class='ocr_line' id='line_1_41' title="bbox 327 3743 1297 3832; baseline -0.003 -22"><span class='ocrx_word' id='word_1_172' title='bbox 327 3743 391 3810; x_wconf 86' lang='lat' dir='ltr'>Sed</span> <span class='ocrx_word' id='word_1_173' title='bbox 401 3759 550 3831; x_wconf 87' lang='lat' dir='ltr'><strong>tanquam</strong></span> <span class='ocrx_word' id='word_1_174' title='bbox 561 3745 628 3830; x_wconf 82' lang='lat' dir='ltr'><strong>jam</strong></span> <span class='ocrx_word' id='word_1_175' title='bbox 644 3745 832 3832; x_wconf 83' lang='lat' dir='ltr'><strong>egrediatur,</strong></span> <span class='ocrx_word' id='word_1_176' title='bbox 849 3745 960 3810; x_wconf 86' lang='lat' dir='ltr'><strong>irarum</strong></span> <span class='ocrx_word' id='word_1_177' title='bbox 976 3757 1138 3829; x_wconf 88' lang='lat' dir='ltr'><strong>portarum</strong></span> <span class='ocrx_word' id='word_1_178' title='bbox 1153 3743 1297 3810; x_wconf 76' lang='lat' dir='ltr'><strong>cudimus</strong></span> 
     </span>
     <span class='ocr_line' id='line_1_42' title="bbox 325 3829 1319 3980; baseline -0.003 -84"><span class='ocrx_word' id='word_1_179' title='bbox 325 3831 509 3980; x_wconf 78' lang='lat' dir='ltr'><strong>Strepitum,</strong></span> <span class='ocrx_word' id='word_1_180' title='bbox 538 3846 632 3916; x_wconf 84' lang='lat' dir='ltr'><strong>atque</strong></span> <span class='ocrx_word' id='word_1_181' title='bbox 652 3833 732 3897; x_wconf 87' lang='lat' dir='ltr'>odeo</span> <span class='ocrx_word' id='word_1_182' title='bbox 752 3847 917 3897; x_wconf 86' lang='lat' dir='ltr'>exeuntem</span> <span class='ocrx_word' id='word_1_183' title='bbox 941 3833 1009 3916; x_wconf 86' lang='lat' dir='ltr'><strong>jam</strong></span> <span class='ocrx_word' id='word_1_184' title='bbox 1030 3831 1192 3896; x_wconf 85' lang='lat' dir='ltr'><strong>dominnm</strong></span> <span class='ocrx_word' id='word_1_185' title='bbox 1213 3829 1319 3894; x_wconf 85' lang='lat' dir='ltr'>ridere</span> 
     </span>
     <span class='ocr_line' id='line_1_43' title="bbox 419 3919 488 3982; baseline -0.014 0"><span class='ocrx_word' id='word_1_186' title='bbox 419 3919 488 3982; x_wconf 88' lang='lat' dir='ltr'><strong>icet.</strong></span> 
     </span>
     <span class='ocr_line' id='line_1_44' title="bbox 239 3999 1317 4090; baseline 0.002 -26"><span class='ocrx_word' id='word_1_187' title='bbox 239 4021 295 4064; x_wconf 87' lang='lat' dir='ltr'><strong>xu.</strong></span> <span class='ocrx_word' id='word_1_188' title='bbox 323 3999 356 4066; x_wconf 93' lang='lat' dir='ltr'>O</span> <span class='ocrx_word' id='word_1_189' title='bbox 369 4001 424 4080; x_wconf 87' lang='lat' dir='ltr'><strong>fill,</strong></span> <span class='ocrx_word' id='word_1_190' title='bbox 440 4003 542 4068; x_wconf 79' lang='lat' dir='ltr'>solve:</span> <span class='ocrx_word' id='word_1_191' title='bbox 567 4025 638 4068; x_wconf 88' lang='lat' dir='ltr'><strong>nam</strong></span> <span class='ocrx_word' id='word_1_192' title='bbox 654 4002 889 4070; x_wconf 82' lang='lat' dir='ltr'><strong>hocexordIum</strong></span> <span class='ocrx_word' id='word_1_193' title='bbox 905 4001 1055 4090; x_wconf 87' lang='lat' dir='ltr'><strong>loquendi</strong></span> <span class='ocrx_word' id='word_1_194' title='bbox 1068 4001 1146 4067; x_wconf 83' lang='lat' dir='ltr'><strong>mihi</strong></span> <span class='ocrx_word' id='word_1_195' title='bbox 1161 4002 1317 4067; x_wconf 77' lang='lat' dir='ltr'><strong>contenit.</strong></span> 
     </span>
     <span class='ocr_line' id='line_1_45' title="bbox 135 4087 1318 4176; baseline 0.003 -28"><span class='ocrx_word' id='word_1_196' title='bbox 135 4129 141 4148; x_wconf 91' lang='lat'><strong>.</strong></span> <span class='ocrx_word' id='word_1_197' title='bbox 241 4107 310 4152; x_wconf 75' lang='lat' dir='ltr'><strong>rou.</strong></span> <span class='ocrx_word' id='word_1_198' title='bbox 328 4087 413 4152; x_wconf 82' lang='lat' dir='ltr'><strong>Salvi</strong></span> <span class='ocrx_word' id='word_1_199' title='bbox 442 4111 564 4154; x_wconf 85' lang='lat' dir='ltr'><strong>sumus:</strong></span> <span class='ocrx_word' id='word_1_200' title='bbox 595 4105 626 4156; x_wconf 87' lang='lat' dir='ltr'><strong>at</strong></span> <span class='ocrx_word' id='word_1_201' title='bbox 651 4103 686 4154; x_wconf 91' lang='lat' dir='ltr'><strong>tu</strong></span> <span class='ocrx_word' id='word_1_202' title='bbox 710 4091 832 4176; x_wconf 84' lang='lat' dir='ltr'>sapiens</span> <span class='ocrx_word' id='word_1_203' title='bbox 860 4104 937 4166; x_wconf 83' lang='lat' dir='ltr'><strong>erto,</strong></span> <span class='ocrx_word' id='word_1_204' title='bbox 963 4101 1094 4176; x_wconf 74' lang='lat' dir='ltr'><strong>trosque</strong></span> <span class='ocrx_word' id='word_1_205' title='bbox 1117 4088 1212 4154; x_wconf 87' lang='lat' dir='ltr'><strong>ambo</strong></span> <span class='ocrx_word' id='word_1_206' title='bbox 1239 4087 1318 4152; x_wconf 79' lang='lat' dir='ltr'>bene</span> 
     </span>
     <span class='ocr_line' id='line_1_46' title="bbox 238 4181 1317 4350; baseline 0.009 -30"><span class='ocrx_word' id='word_1_207' title='bbox 238 4278 294 4322; x_wconf 88' lang='lat' dir='ltr'><strong>xu.</strong></span> <span class='ocrx_word' id='word_1_208' title='bbox 326 4260 380 4324; x_wconf 85' lang='lat' dir='ltr'><strong>Do</strong></span> <span class='ocrx_word' id='word_1_209' title='bbox 394 4197 583 4326; x_wconf 61' lang='lat' dir='ltr'><strong>niidiiiudrae</strong></span> <span class='ocrx_word' id='word_1_210' title='bbox 598 4262 674 4326; x_wconf 85' lang='lat' dir='ltr'><strong>mihi</strong></span> <span class='ocrx_word' id='word_1_211' title='bbox 691 4261 831 4328; x_wconf 87' lang='lat' dir='ltr'><strong>osculum</strong></span> <span class='ocrx_word' id='word_1_212' title='bbox 847 4277 878 4327; x_wconf 88' lang='lat' dir='ltr'><strong>et</strong></span> <span class='ocrx_word' id='word_1_213' title='bbox 893 4261 1096 4348; x_wconf 82' lang='lat' dir='ltr'><strong>complexum</strong></span> <span class='ocrx_word' id='word_1_214' title='bbox 1110 4181 1317 4350; x_wconf 62' lang='lat' dir='ltr'><strong>corporis⁵⁹⁰</strong></span> 
     </span>
    </p>
   </div>
   <div class='ocr_carea' id='block_1_3' title="bbox 0 0 1446 4858">
    <p class='ocr_par' dir='ltr' id='par_1_3' title="bbox 0 0 1446 4858">
     <span class='ocr_line' id='line_1_47' title="bbox 0 0 1446 4858; baseline 0 0"><span class='ocrx_word' id='word_1_215' title='bbox 0 0 1446 4858; x_wconf 95' lang='lat' dir='ltr'><strong> </strong></span> 
     </span>
    </p>
   </div>
  </div>
 </body>
</html>
