<?xml version="1.0" encoding="UTF-8"?>
<!DOCTYPE html PUBLIC "-//W3C//DTD XHTML 1.0 Transitional//EN"
    "http://www.w3.org/TR/xhtml1/DTD/xhtml1-transitional.dtd">
<html xmlns="http://www.w3.org/1999/xhtml" xml:lang="en" lang="en">
 <head>
  <title>
</title>
<meta http-equiv="Content-Type" content="text/html;charset=utf-8" />
  <meta name='ocr-system' content='tesseract 3.04.00' />
  <meta name='ocr-capabilities' content='ocr_page ocr_carea ocr_par ocr_line ocrx_word'/>
</head>
<body>
  <div class='ocr_page' id='page_1' title='image "./euripidistragoe00mattgoog_0530.png"; bbox 0 0 2882 4858; ppageno 0'>
   <div class='ocr_carea' id='block_1_1' title="bbox 512 211 1182 284">
    <p class='ocr_par' dir='ltr' id='par_1_1' title="bbox 512 211 1182 284">
     <span class='ocr_line' id='line_1_1' title="bbox 512 211 1182 284; baseline 0.009 -6"><span class='ocrx_word' id='word_1_1' title='bbox 512 211 775 282; x_wconf 80' lang='lat' dir='ltr'><strong>HELENA.</strong></span> <span class='ocrx_word' id='word_1_2' title='bbox 1120 221 1182 284; x_wconf 69' lang='lat'>526</span> 
     </span>
    </p>
   </div>
   <div class='ocr_carea' id='block_1_2' title="bbox 96 383 1190 4330">
    <p class='ocr_par' dir='ltr' id='par_1_2' title="bbox 96 383 1190 4330">
     <span class='ocr_line' id='line_1_2' title="bbox 180 383 796 470; baseline -0.006 -14"><span class='ocrx_word' id='word_1_3' title='bbox 180 387 317 456; x_wconf 62' lang='lat' dir='ltr'>&amp;ime</span> <span class='ocrx_word' id='word_1_4' title='bbox 332 383 442 470; x_wconf 72' lang='lat' dir='ltr'>impis,</span> <span class='ocrx_word' id='word_1_5' title='bbox 457 383 499 450; x_wconf 79' lang='lat' dir='ltr'>dn</span> <span class='ocrx_word' id='word_1_6' title='bbox 513 385 632 458; x_wconf 72' lang='lat' dir='ltr'>lustrali</span> <span class='ocrx_word' id='word_1_7' title='bbox 646 386 796 466; x_wconf 72' lang='lat' dir='ltr'>flemme,</span> 
     </span>
     <span class='ocr_line' id='line_1_3' title="bbox 180 469 1181 558; baseline 0.003 -17"><span class='ocrx_word' id='word_1_8' title='bbox 180 472 416 558; x_wconf 82' lang='lat' dir='ltr'>Concutissque</span> <span class='ocrx_word' id='word_1_9' title='bbox 433 469 557 538; x_wconf 80' lang='lat' dir='ltr'>Pieeem</span> <span class='ocrx_word' id='word_1_10' title='bbox 573 471 670 538; x_wconf 78' lang='lat' dir='ltr'>ionem</span> <span class='ocrx_word' id='word_1_11' title='bbox 685 487 759 539; x_wconf 85' lang='lat' dir='ltr'>unte</span> <span class='ocrx_word' id='word_1_12' title='bbox 774 496 838 552; x_wconf 73' lang='grc' dir='ltr'>ωε,</span> <span class='ocrx_word' id='word_1_13' title='bbox 850 487 887 540; x_wconf 89' lang='lat' dir='ltr'>nt</span> <span class='ocrx_word' id='word_1_14' title='bbox 900 487 1066 544; x_wconf 71' lang='lat' dir='ltr'>tronum.</span> <span class='ocrx_word' id='word_1_15' title='bbox 1118 485 1181 546; x_wconf 79' lang='grc'>870</span> 
     </span>
     <span class='ocr_line' id='line_1_4' title="bbox 183 557 773 646; baseline -0.007 -18"><span class='ocrx_word' id='word_1_16' title='bbox 183 563 322 646; x_wconf 84' lang='lat' dir='ltr'>Rituque</span> <span class='ocrx_word' id='word_1_17' title='bbox 337 579 408 624; x_wconf 86' lang='lat' dir='ltr'>meo</span> <span class='ocrx_word' id='word_1_18' title='bbox 425 557 493 622; x_wconf 88' lang='lat' dir='ltr'>Diis</span> <span class='ocrx_word' id='word_1_19' title='bbox 507 571 645 644; x_wconf 77' lang='lat' dir='ltr'>pensem,</span> <span class='ocrx_word' id='word_1_20' title='bbox 660 561 773 626; x_wconf 82' lang='lat' dir='ltr'>iterum</span> 
     </span>
     <span class='ocr_line' id='line_1_5' title="bbox 181 644 856 732; baseline -0.003 -18"><span class='ocrx_word' id='word_1_21' title='bbox 181 647 345 714; x_wconf 71' lang='lat' dir='ltr'>Lennium</span> <span class='ocrx_word' id='word_1_22' title='bbox 361 645 519 708; x_wconf 76' lang='lat' dir='ltr'>flamniam</span> <span class='ocrx_word' id='word_1_23' title='bbox 534 644 663 710; x_wconf 71' lang='lat' dir='ltr'>inundes</span> <span class='ocrx_word' id='word_1_24' title='bbox 677 657 856 732; x_wconf 76' lang='lat' dir='ltr'>porteto.-</span> 
     </span>
     <span class='ocr_line' id='line_1_6' title="bbox 145 729 1062 817; baseline 0 -17"><span class='ocrx_word' id='word_1_25' title='bbox 145 735 153 744; x_wconf 88' lang='lat'>&#39;</span> <span class='ocrx_word' id='word_1_26' title='bbox 184 732 321 807; x_wconf 85' lang='lat' dir='ltr'>Heleon,</span> <span class='ocrx_word' id='word_1_27' title='bbox 337 729 413 817; x_wconf 92' lang='lat' dir='ltr'>quid</span> <span class='ocrx_word' id='word_1_28' title='bbox 430 750 508 808; x_wconf 86' lang='lat' dir='ltr'>meo,</span> <span class='ocrx_word' id='word_1_29' title='bbox 525 731 685 814; x_wconf 88' lang='lat' dir='ltr'>quomodo</span> <span class='ocrx_word' id='word_1_30' title='bbox 699 755 732 798; x_wconf 84' lang='lat' dir='ltr'>ue</span> <span class='ocrx_word' id='word_1_31' title='bbox 747 733 874 812; x_wconf 80' lang='lat' dir='ltr'>hebent,</span> <span class='ocrx_word' id='word_1_32' title='bbox 890 733 1062 800; x_wconf 69' lang='lat' dir='ltr'>vntidnie?</span> 
     </span>
     <span class='ocr_line' id='line_1_7' title="bbox 180 813 1086 906; baseline 0.001 -22"><span class='ocrx_word' id='word_1_33' title='bbox 180 819 278 884; x_wconf 86' lang='lat' dir='ltr'>Venit</span> <span class='ocrx_word' id='word_1_34' title='bbox 292 831 364 882; x_wconf 87' lang='lat' dir='ltr'>tuus</span> <span class='ocrx_word' id='word_1_35' title='bbox 377 815 510 880; x_wconf 83' lang='lat' dir='ltr'>meritus</span> <span class='ocrx_word' id='word_1_36' title='bbox 526 813 691 882; x_wconf 78' lang='lat' dir='ltr'><strong>Menelaus</strong></span> <span class='ocrx_word' id='word_1_37' title='bbox 704 816 757 882; x_wconf 85' lang='lat' dir='ltr'>hic</span> <span class='ocrx_word' id='word_1_38' title='bbox 771 819 969 906; x_wconf 87' lang='lat' dir='ltr'>ooospieuus,</span> <span class='ocrx_word' id='word_1_39' title='bbox 1079 877 1086 890; x_wconf 83' lang='lat'><strong>,</strong></span> 
     </span>
     <span class='ocr_line' id='line_1_8' title="bbox 181 900 789 978; baseline -0.002 -8"><span class='ocrx_word' id='word_1_40' title='bbox 181 905 324 970; x_wconf 82' lang='lat' dir='ltr'>Orbutus</span> <span class='ocrx_word' id='word_1_41' title='bbox 338 900 479 978; x_wconf 76' lang='lat' dir='ltr'>novibus.</span> <span class='ocrx_word' id='word_1_42' title='bbox 495 913 527 968; x_wconf 87' lang='lat' dir='ltr'>et</span> <span class='ocrx_word' id='word_1_43' title='bbox 540 915 597 967; x_wconf 93' lang='lat' dir='ltr'>tuo</span> <span class='ocrx_word' id='word_1_44' title='bbox 610 903 789 968; x_wconf 71' lang='lat' dir='ltr'>simulacro.</span> 
     </span>
     <span class='ocr_line' id='line_1_9' title="bbox 181 987 957 1074; baseline 0 -19"><span class='ocrx_word' id='word_1_45' title='bbox 181 991 214 1056; x_wconf 95' lang='grc' dir='ltr'>Ο</span> <span class='ocrx_word' id='word_1_46' title='bbox 228 990 333 1064; x_wconf 81' lang='lat' dir='ltr'>misen,</span> <span class='ocrx_word' id='word_1_47' title='bbox 348 987 462 1074; x_wconf 82' lang='lat' dir='ltr'>quibus</span> <span class='ocrx_word' id='word_1_48' title='bbox 476 987 636 1052; x_wconf 77' lang='lat' dir='ltr'>laboribus</span> <span class='ocrx_word' id='word_1_49' title='bbox 650 989 753 1056; x_wconf 79' lang='lat' dir='ltr'>vitetis</span> <span class='ocrx_word' id='word_1_50' title='bbox 767 993 821 1056; x_wconf 77' lang='lat' dir='ltr'>nuc</span> <span class='ocrx_word' id='word_1_51' title='bbox 835 993 957 1068; x_wconf 84' lang='lat' dir='ltr'>venisti,</span> 
     </span>
     <span class='ocr_line' id='line_1_10' title="bbox 182 1071 1181 1164; baseline 0.002 -22"><span class='ocrx_word' id='word_1_52' title='bbox 182 1077 295 1164; x_wconf 80' lang='lat' dir='ltr'>Neque</span> <span class='ocrx_word' id='word_1_53' title='bbox 316 1073 376 1140; x_wconf 86' lang='lat' dir='ltr'>sois</span> <span class='ocrx_word' id='word_1_54' title='bbox 401 1087 505 1138; x_wconf 85' lang='lat' dir='ltr'>uuum</span> <span class='ocrx_word' id='word_1_55' title='bbox 530 1073 572 1138; x_wconf 85' lang='lat' dir='ltr'>sis</span> <span class='ocrx_word' id='word_1_56' title='bbox 594 1071 726 1140; x_wconf 87' lang='lat' dir='ltr'>domum</span> <span class='ocrx_word' id='word_1_57' title='bbox 751 1097 941 1155; x_wconf 75' lang='lat' dir='ltr'>mersurus,</span> <span class='ocrx_word' id='word_1_58' title='bbox 964 1100 1005 1143; x_wconf 80' lang='lat' dir='ltr'>en</span> <span class='ocrx_word' id='word_1_59' title='bbox 1029 1099 1104 1144; x_wconf 78' lang='lat' dir='ltr'>veno</span> <span class='ocrx_word' id='word_1_60' title='bbox 1128 1078 1181 1146; x_wconf 81' lang='lat' dir='ltr'>hie</span> 
     </span>
     <span class='ocr_line' id='line_1_11' title="bbox 269 1181 456 1227; baseline -0.005 -2"><span class='ocrx_word' id='word_1_61' title='bbox 269 1181 456 1227; x_wconf 71' lang='lat' dir='ltr'>mensuruus</span> 
     </span>
     <span class='ocr_line' id='line_1_12' title="bbox 181 1246 998 1337; baseline 0 -21"><span class='ocrx_word' id='word_1_62' title='bbox 181 1246 355 1316; x_wconf 73' lang='lat' dir='ltr'>Contmtio</span> <span class='ocrx_word' id='word_1_63' title='bbox 368 1247 452 1312; x_wconf 84' lang='lat' dir='ltr'>enim</span> <span class='ocrx_word' id='word_1_64' title='bbox 467 1247 551 1314; x_wconf 82' lang='lat' dir='ltr'>inter</span> <span class='ocrx_word' id='word_1_65' title='bbox 566 1247 655 1314; x_wconf 85' lang='lat' dir='ltr'>Deos</span> <span class='ocrx_word' id='word_1_66' title='bbox 667 1249 899 1337; x_wconf 76' lang='lat' dir='ltr'>oosteiiiumqne</span> <span class='ocrx_word' id='word_1_67' title='bbox 911 1251 953 1316; x_wconf 90' lang='lat' dir='ltr'>de</span> <span class='ocrx_word' id='word_1_68' title='bbox 966 1262 998 1316; x_wconf 85' lang='lat' dir='ltr'>te</span> 
     </span>
     <span class='ocr_line' id='line_1_13' title="bbox 182 1333 819 1419; baseline -0.003 -17"><span class='ocrx_word' id='word_1_69' title='bbox 182 1336 253 1402; x_wconf 79' lang='lat' dir='ltr'>sut</span> <span class='ocrx_word' id='word_1_70' title='bbox 267 1344 475 1400; x_wconf 80' lang='lat' dir='ltr'>eonvocetum</span> <span class='ocrx_word' id='word_1_71' title='bbox 489 1333 586 1400; x_wconf 84' lang='lat' dir='ltr'>hodie</span> <span class='ocrx_word' id='word_1_72' title='bbox 599 1334 685 1419; x_wconf 78' lang='lat' dir='ltr'>opud</span> <span class='ocrx_word' id='word_1_73' title='bbox 696 1333 819 1400; x_wconf 78' lang='lat' dir='ltr'>Jovem.</span> 
     </span>
     <span class='ocr_line' id='line_1_14' title="bbox 178 1417 1181 1507; baseline 0.004 -21"><span class='ocrx_word' id='word_1_74' title='bbox 178 1421 268 1486; x_wconf 83' lang='lat' dir='ltr'>June</span> <span class='ocrx_word' id='word_1_75' title='bbox 281 1419 419 1506; x_wconf 72' lang='lat' dir='ltr'>quidm,</span> <span class='ocrx_word' id='word_1_76' title='bbox 433 1439 506 1507; x_wconf 70' lang='lat' dir='ltr'>que</span> <span class='ocrx_word' id='word_1_77' title='bbox 520 1417 579 1486; x_wconf 91' lang='lat' dir='ltr'>tibi</span> <span class='ocrx_word' id='word_1_78' title='bbox 592 1418 743 1486; x_wconf 68' lang='lat' dir='ltr'>haetenus</span> <span class='ocrx_word' id='word_1_79' title='bbox 757 1421 885 1488; x_wconf 79' lang='lat' dir='ltr'>inimica</span> <span class='ocrx_word' id='word_1_80' title='bbox 897 1421 966 1500; x_wconf 83' lang='lat' dir='ltr'>fuit,</span> <span class='ocrx_word' id='word_1_81' title='bbox 1117 1433 1181 1490; x_wconf 84' lang='lat'>880</span> 
     </span>
     <span class='ocr_line' id='line_1_15' title="bbox 183 1504 1146 1596; baseline 0.002 -24"><span class='ocrx_word' id='word_1_82' title='bbox 183 1507 278 1573; x_wconf 86' lang='lat' dir='ltr'>Nune</span> <span class='ocrx_word' id='word_1_83' title='bbox 291 1518 339 1570; x_wconf 86' lang='lat' dir='ltr'>est</span> <span class='ocrx_word' id='word_1_84' title='bbox 352 1504 514 1582; x_wconf 77' lang='lat' dir='ltr'>benevole,</span> <span class='ocrx_word' id='word_1_85' title='bbox 529 1519 561 1571; x_wconf 87' lang='lat' dir='ltr'>et</span> <span class='ocrx_word' id='word_1_86' title='bbox 575 1505 642 1570; x_wconf 83' lang='lat' dir='ltr'>vuit</span> <span class='ocrx_word' id='word_1_87' title='bbox 657 1519 688 1571; x_wconf 88' lang='lat' dir='ltr'>te</span> <span class='ocrx_word' id='word_1_88' title='bbox 701 1506 819 1572; x_wconf 71' lang='lat' dir='ltr'>salvum</span> <span class='ocrx_word' id='word_1_89' title='bbox 835 1508 951 1574; x_wconf 81' lang='lat' dir='ltr'>duoeee</span> <span class='ocrx_word' id='word_1_90' title='bbox 966 1509 997 1574; x_wconf 92' lang='lat' dir='ltr'>in</span> <span class='ocrx_word' id='word_1_91' title='bbox 1014 1507 1146 1596; x_wconf 80' lang='lat' dir='ltr'>petrium</span> 
     </span>
     <span class='ocr_line' id='line_1_16' title="bbox 182 1589 883 1676; baseline -0.003 -18"><span class='ocrx_word' id='word_1_92' title='bbox 182 1593 267 1658; x_wconf 86' lang='lat' dir='ltr'>Cum</span> <span class='ocrx_word' id='word_1_93' title='bbox 281 1593 350 1668; x_wconf 77' lang='lat' dir='ltr'>ists,</span> <span class='ocrx_word' id='word_1_94' title='bbox 366 1607 402 1657; x_wconf 87' lang='lat' dir='ltr'>ut</span> <span class='ocrx_word' id='word_1_95' title='bbox 417 1589 545 1656; x_wconf 81' lang='lat' dir='ltr'>Gneeie</span> <span class='ocrx_word' id='word_1_96' title='bbox 559 1591 685 1676; x_wconf 84' lang='lat' dir='ltr'>nuptiss</span> <span class='ocrx_word' id='word_1_97' title='bbox 698 1593 883 1671; x_wconf 72' lang='lat' dir='ltr'>Alexandri,</span> 
     </span>
     <span class='ocr_line' id='line_1_17' title="bbox 184 1677 783 1766; baseline -0.003 -22"><span class='ocrx_word' id='word_1_98' title='bbox 184 1679 289 1744; x_wconf 79' lang='lat' dir='ltr'>Fuisse</span> <span class='ocrx_word' id='word_1_99' title='bbox 302 1689 480 1766; x_wconf 75' lang='lat' dir='ltr'>cognoseat,</span> <span class='ocrx_word' id='word_1_100' title='bbox 494 1677 615 1742; x_wconf 90' lang='lat' dir='ltr'>donum</span> <span class='ocrx_word' id='word_1_101' title='bbox 633 1677 783 1743; x_wconf 82' lang='lat' dir='ltr'>Veneris:</span> 
     </span>
     <span class='ocr_line' id='line_1_18' title="bbox 181 1763 893 1848; baseline 0.003 -20"><span class='ocrx_word' id='word_1_102' title='bbox 181 1763 292 1832; x_wconf 86' lang='lat' dir='ltr'>Venus</span> <span class='ocrx_word' id='word_1_103' title='bbox 310 1783 384 1829; x_wconf 79' lang='lat' dir='ltr'>vero</span> <span class='ocrx_word' id='word_1_104' title='bbox 398 1763 465 1829; x_wconf 84' lang='lat' dir='ltr'>vult</span> <span class='ocrx_word' id='word_1_105' title='bbox 475 1763 629 1848; x_wconf 81' lang='lat' dir='ltr'>impedire</span> <span class='ocrx_word' id='word_1_106' title='bbox 643 1776 732 1830; x_wconf 86' lang='lat' dir='ltr'>tuum</span> <span class='ocrx_word' id='word_1_107' title='bbox 747 1763 893 1843; x_wconf 82' lang='lat' dir='ltr'>reditum,</span> 
     </span>
     <span class='ocr_line' id='line_1_19' title="bbox 184 1849 846 1936; baseline -0.002 -19"><span class='ocrx_word' id='word_1_108' title='bbox 184 1851 235 1918; x_wconf 85' lang='lat' dir='ltr'>Ne</span> <span class='ocrx_word' id='word_1_109' title='bbox 248 1863 450 1936; x_wconf 66' lang='lat' dir='ltr'>coarguetur,</span> <span class='ocrx_word' id='word_1_110' title='bbox 466 1873 484 1914; x_wconf 90' lang='grc' dir='ltr'>ιι</span> <span class='ocrx_word' id='word_1_111' title='bbox 527 1872 567 1915; x_wconf 92' lang='lat' dir='ltr'>ue</span> <span class='ocrx_word' id='word_1_112' title='bbox 580 1849 724 1935; x_wconf 74' lang='lat' dir='ltr'>videatur</span> <span class='ocrx_word' id='word_1_113' title='bbox 734 1851 846 1916; x_wconf 80' lang='lat' dir='ltr'>emisse</span> 
     </span>
     <span class='ocr_line' id='line_1_20' title="bbox 182 1935 1026 2018; baseline 0.001 -15"><span class='ocrx_word' id='word_1_114' title='bbox 182 1937 311 2004; x_wconf 80' lang='lat' dir='ltr'>Fonnae</span> <span class='ocrx_word' id='word_1_115' title='bbox 323 1935 470 2018; x_wconf 77' lang='lat' dir='ltr'>pulmoni,</span> <span class='ocrx_word' id='word_1_116' title='bbox 525 1935 623 2002; x_wconf 80' lang='lat' dir='ltr'>elenae</span> <span class='ocrx_word' id='word_1_117' title='bbox 637 1957 741 2014; x_wconf 78' lang='lat' dir='ltr'>ceusu,</span> <span class='ocrx_word' id='word_1_118' title='bbox 755 1936 843 2002; x_wconf 76' lang='lat' dir='ltr'>inani</span> <span class='ocrx_word' id='word_1_119' title='bbox 857 1938 1026 2004; x_wconf 88' lang='lat' dir='ltr'>connubio.</span> 
     </span>
     <span class='ocr_line' id='line_1_21' title="bbox 183 2022 1065 2110; baseline 0 -20"><span class='ocrx_word' id='word_1_120' title='bbox 183 2025 317 2090; x_wconf 80' lang='lat' dir='ltr'>Summe</span> <span class='ocrx_word' id='word_1_121' title='bbox 331 2043 406 2086; x_wconf 80' lang='lat' dir='ltr'>vero</span> <span class='ocrx_word' id='word_1_122' title='bbox 418 2023 462 2086; x_wconf 84' lang='lat' dir='ltr'>rei</span> <span class='ocrx_word' id='word_1_123' title='bbox 472 2043 566 2107; x_wconf 82' lang='lat' dir='ltr'>penes</span> <span class='ocrx_word' id='word_1_124' title='bbox 579 2043 641 2102; x_wconf 86' lang='lat' dir='ltr'>me,</span> <span class='ocrx_word' id='word_1_125' title='bbox 656 2022 731 2099; x_wconf 85' lang='lat' dir='ltr'>sive,</span> <span class='ocrx_word' id='word_1_126' title='bbox 745 2022 831 2109; x_wconf 90' lang='lat' dir='ltr'>quod</span> <span class='ocrx_word' id='word_1_127' title='bbox 845 2025 933 2110; x_wconf 86' lang='lat' dir='ltr'>eupit</span> <span class='ocrx_word' id='word_1_128' title='bbox 947 2025 1065 2100; x_wconf 76' lang='lat' dir='ltr'>Venus,</span> 
     </span>
     <span class='ocr_line' id='line_1_22' title="bbox 184 2106 838 2194; baseline -0.006 -18"><span class='ocrx_word' id='word_1_129' title='bbox 184 2108 322 2176; x_wconf 75' lang='lat' dir='ltr'>Perdam</span> <span class='ocrx_word' id='word_1_130' title='bbox 338 2121 370 2174; x_wconf 85' lang='lat' dir='ltr'>te</span> <span class='ocrx_word' id='word_1_131' title='bbox 382 2106 490 2172; x_wconf 79' lang='lat' dir='ltr'>dicens</span> <span class='ocrx_word' id='word_1_132' title='bbox 504 2106 603 2186; x_wconf 77' lang='lat' dir='ltr'>fratri,</span> <span class='ocrx_word' id='word_1_133' title='bbox 620 2107 705 2194; x_wconf 90' lang='lat' dir='ltr'>quod</span> <span class='ocrx_word' id='word_1_134' title='bbox 720 2107 773 2173; x_wconf 87' lang='lat' dir='ltr'>hio</span> <span class='ocrx_word' id='word_1_135' title='bbox 787 2109 838 2186; x_wconf 83' lang='lat' dir='ltr'>sis,</span> 
     </span>
     <span class='ocr_line' id='line_1_23' title="bbox 183 2193 991 2272; baseline -0.005 -8"><span class='ocrx_word' id='word_1_136' title='bbox 183 2197 258 2264; x_wconf 80' lang='lat' dir='ltr'>Sive</span> <span class='ocrx_word' id='word_1_137' title='bbox 272 2209 384 2260; x_wconf 82' lang='lat' dir='ltr'>contre</span> <span class='ocrx_word' id='word_1_138' title='bbox 397 2215 469 2259; x_wconf 90' lang='lat' dir='ltr'>eum</span> <span class='ocrx_word' id='word_1_139' title='bbox 483 2193 612 2259; x_wconf 84' lang='lat' dir='ltr'>Junone</span> <span class='ocrx_word' id='word_1_140' title='bbox 626 2210 724 2271; x_wconf 77' lang='lat' dir='ltr'>siens,</span> <span class='ocrx_word' id='word_1_141' title='bbox 738 2196 869 2260; x_wconf 75' lang='lat' dir='ltr'>servabo</span> <span class='ocrx_word' id='word_1_142' title='bbox 885 2197 991 2272; x_wconf 81' lang='lat' dir='ltr'>vitum,</span> 
     </span>
     <span class='ocr_line' id='line_1_24' title="bbox 182 2279 1181 2368; baseline 0.001 -21"><span class='ocrx_word' id='word_1_143' title='bbox 182 2281 300 2347; x_wconf 82' lang='lat' dir='ltr'>Celeus</span> <span class='ocrx_word' id='word_1_144' title='bbox 314 2279 442 2346; x_wconf 73' lang='lat' dir='ltr'>fratrem</span> <span class='ocrx_word' id='word_1_145' title='bbox 458 2279 546 2357; x_wconf 82' lang='lat' dir='ltr'>iilud,</span> <span class='ocrx_word' id='word_1_146' title='bbox 561 2281 617 2368; x_wconf 90' lang='lat' dir='ltr'>qui</span> <span class='ocrx_word' id='word_1_147' title='bbox 632 2303 682 2344; x_wconf 90' lang='lat' dir='ltr'>me</span> <span class='ocrx_word' id='word_1_148' title='bbox 691 2281 786 2367; x_wconf 83' lang='lat' dir='ltr'>jussit</span> <span class='ocrx_word' id='word_1_149' title='bbox 801 2279 861 2346; x_wconf 86' lang='lat' dir='ltr'>hoe</span> <span class='ocrx_word' id='word_1_150' title='bbox 1118 2289 1181 2350; x_wconf 81' lang='grc'>890</span> 
     </span>
     <span class='ocr_line' id='line_1_25' title="bbox 182 2365 1143 2454; baseline -0.002 -20"><span class='ocrx_word' id='word_1_151' title='bbox 182 2367 371 2454; x_wconf 78' lang='lat' dir='ltr'>Signiiiosre</span> <span class='ocrx_word' id='word_1_152' title='bbox 384 2367 449 2443; x_wconf 63' lang='lat' dir='ltr'>sibi</span> <span class='ocrx_word' id='word_1_153' title='bbox 465 2365 593 2452; x_wconf 77' lang='lat' dir='ltr'>quondo</span> <span class='ocrx_word' id='word_1_154' title='bbox 606 2368 638 2430; x_wconf 88' lang='lat' dir='ltr'>in</span> <span class='ocrx_word' id='word_1_155' title='bbox 652 2365 739 2432; x_wconf 84' lang='lat' dir='ltr'>hune</span> <span class='ocrx_word' id='word_1_156' title='bbox 753 2387 864 2454; x_wconf 59' lang='lat' dir='ltr'>epum</span> <span class='ocrx_word' id='word_1_157' title='bbox 880 2368 1012 2434; x_wconf 79' lang='lat' dir='ltr'>veneris.</span> <span class='ocrx_word' id='word_1_158' title='bbox 1140 2399 1143 2410; x_wconf 93' lang='lat'>·</span> 
     </span>
     <span class='ocr_line' id='line_1_26' title="bbox 182 2451 675 2532; baseline 0 -14"><span class='ocrx_word' id='word_1_159' title='bbox 182 2452 273 2532; x_wconf 87' lang='lat' dir='ltr'>Quid</span> <span class='ocrx_word' id='word_1_160' title='bbox 288 2451 391 2518; x_wconf 82' lang='lat' dir='ltr'>dicem</span> <span class='ocrx_word' id='word_1_161' title='bbox 407 2451 494 2518; x_wconf 71' lang='lat' dir='ltr'>freto</span> <span class='ocrx_word' id='word_1_162' title='bbox 508 2474 580 2518; x_wconf 91' lang='lat' dir='ltr'>meo</span> <span class='ocrx_word' id='word_1_163' title='bbox 591 2451 675 2518; x_wconf 86' lang='lat' dir='ltr'>hune</span> 
     </span>
     <span class='ocr_line' id='line_1_27' title="bbox 184 2537 668 2616; baseline 0 -12"><span class='ocrx_word' id='word_1_164' title='bbox 184 2538 314 2616; x_wconf 80' lang='lat' dir='ltr'>Adesse,</span> <span class='ocrx_word' id='word_1_165' title='bbox 330 2552 426 2604; x_wconf 82' lang='lat' dir='ltr'>utres</span> <span class='ocrx_word' id='word_1_166' title='bbox 440 2559 509 2603; x_wconf 84' lang='lat' dir='ltr'>mee</span> <span class='ocrx_word' id='word_1_167' title='bbox 520 2551 589 2604; x_wconf 85' lang='lat' dir='ltr'>tute</span> <span class='ocrx_word' id='word_1_168' title='bbox 602 2537 668 2604; x_wconf 80' lang='lat' dir='ltr'>siti</span> 
     </span>
     <span class='ocr_line' id='line_1_28' title="bbox 96 2624 845 2714; baseline 0 -24"><span class='ocrx_word' id='word_1_169' title='bbox 96 2625 221 2692; x_wconf 71' lang='grc' dir='ltr'><strong>ιιι-0</strong></span> <span class='ocrx_word' id='word_1_170' title='bbox 234 2625 347 2712; x_wconf 74' lang='lat' dir='ltr'>Virgo,</span> <span class='ocrx_word' id='word_1_171' title='bbox 362 2624 442 2689; x_wconf 86' lang='lat' dir='ltr'>endo</span> <span class='ocrx_word' id='word_1_172' title='bbox 455 2647 490 2688; x_wconf 83' lang='lat' dir='ltr'>su</span> <span class='ocrx_word' id='word_1_173' title='bbox 515 2624 590 2710; x_wconf 75' lang='lat' dir='ltr'>plen</span> <span class='ocrx_word' id='word_1_174' title='bbox 606 2624 647 2690; x_wconf 80' lang='lat' dir='ltr'>ed</span> <span class='ocrx_word' id='word_1_175' title='bbox 660 2645 767 2714; x_wconf 77' lang='lat' dir='ltr'>genus</span> <span class='ocrx_word' id='word_1_176' title='bbox 780 2638 845 2702; x_wconf 83' lang='lat' dir='ltr'>tue,</span> 
     </span>
     <span class='ocr_line' id='line_1_29' title="bbox 185 2711 867 2796; baseline -0.003 -18"><span class='ocrx_word' id='word_1_177' title='bbox 185 2713 229 2778; x_wconf 82' lang='lat' dir='ltr'>Et</span> <span class='ocrx_word' id='word_1_178' title='bbox 244 2713 337 2777; x_wconf 84' lang='lat' dir='ltr'>sedeo</span> <span class='ocrx_word' id='word_1_179' title='bbox 351 2732 451 2796; x_wconf 79' lang='lat' dir='ltr'>prope</span> <span class='ocrx_word' id='word_1_180' title='bbox 497 2712 674 2776; x_wconf 76' lang='lat' dir='ltr'>emiseram</span> <span class='ocrx_word' id='word_1_181' title='bbox 691 2711 867 2776; x_wconf 76' lang='lat' dir='ltr'>sessionem</span> 
     </span>
     <span class='ocr_line' id='line_1_30' title="bbox 185 2796 861 2883; baseline -0.009 -17"><span class='ocrx_word' id='word_1_182' title='bbox 185 2799 251 2866; x_wconf 82' lang='lat' dir='ltr'>Pro</span> <span class='ocrx_word' id='word_1_183' title='bbox 267 2819 317 2862; x_wconf 89' lang='lat' dir='ltr'>me</span> <span class='ocrx_word' id='word_1_184' title='bbox 330 2798 398 2883; x_wconf 83' lang='lat' dir='ltr'>ipss</span> <span class='ocrx_word' id='word_1_185' title='bbox 412 2811 443 2862; x_wconf 90' lang='lat' dir='ltr'>et</span> <span class='ocrx_word' id='word_1_186' title='bbox 458 2798 528 2874; x_wconf 77' lang='lat' dir='ltr'>isto,</span> <span class='ocrx_word' id='word_1_187' title='bbox 544 2819 648 2882; x_wconf 87' lang='lat' dir='ltr'>quem,</span> <span class='ocrx_word' id='word_1_188' title='bbox 664 2799 719 2862; x_wconf 82' lang='lat' dir='ltr'>vix</span> <span class='ocrx_word' id='word_1_189' title='bbox 734 2796 861 2862; x_wconf 72' lang='lat' dir='ltr'>tandem</span> 
     </span>
     <span class='ocr_line' id='line_1_31' title="bbox 186 2881 1185 2968; baseline 0 -18"><span class='ocrx_word' id='word_1_190' title='bbox 186 2885 301 2962; x_wconf 80' lang='lat' dir='ltr'>Necte,</span> <span class='ocrx_word' id='word_1_191' title='bbox 311 2885 343 2948; x_wconf 96' lang='lat' dir='ltr'>in</span> <span class='ocrx_word' id='word_1_192' title='bbox 355 2884 424 2968; x_wconf 86' lang='lat' dir='ltr'>ipso</span> <span class='ocrx_word' id='word_1_193' title='bbox 434 2883 765 2948; x_wconf 81' lang='lat' dir='ltr'>nnieuiodiecriminis</span> <span class='ocrx_word' id='word_1_194' title='bbox 773 2881 831 2946; x_wconf 82' lang='lat' dir='ltr'>sim</span> <span class='ocrx_word' id='word_1_195' title='bbox 839 2881 1000 2947; x_wconf 78' lang='lat' dir='ltr'>utvidesm</span> <span class='ocrx_word' id='word_1_196' title='bbox 1007 2903 1079 2949; x_wconf 87' lang='lat' dir='ltr'>eum</span> <span class='ocrx_word' id='word_1_197' title='bbox 1088 2885 1185 2950; x_wconf 81' lang='lat' dir='ltr'>mori:</span> 
     </span>
     <span class='ocr_line' id='line_1_32' title="bbox 185 2967 925 3038; baseline -0.008 0"><span class='ocrx_word' id='word_1_198' title='bbox 185 2971 237 3038; x_wconf 89' lang='lat' dir='ltr'>Ne</span> <span class='ocrx_word' id='word_1_199' title='bbox 249 2969 336 3036; x_wconf 86' lang='lat' dir='ltr'>diess</span> <span class='ocrx_word' id='word_1_200' title='bbox 349 2981 405 3036; x_wconf 84' lang='lat' dir='ltr'>tuo</span> <span class='ocrx_word' id='word_1_201' title='bbox 419 2967 507 3036; x_wconf 76' lang='lat' dir='ltr'>fratri</span> <span class='ocrx_word' id='word_1_202' title='bbox 524 2989 628 3035; x_wconf 85' lang='lat' dir='ltr'>meum</span> <span class='ocrx_word' id='word_1_203' title='bbox 645 2969 791 3034; x_wconf 84' lang='lat' dir='ltr'>meritum</span> <span class='ocrx_word' id='word_1_204' title='bbox 921 3007 925 3014; x_wconf 89' lang='lat'>·</span> 
     </span>
     <span class='ocr_line' id='line_1_33' title="bbox 185 3053 917 3124; baseline -0.007 0"><span class='ocrx_word' id='word_1_205' title='bbox 185 3057 286 3124; x_wconf 84' lang='lat' dir='ltr'>Hune</span> <span class='ocrx_word' id='word_1_206' title='bbox 300 3057 420 3122; x_wconf 68' lang='lat' dir='ltr'>neuim</span> <span class='ocrx_word' id='word_1_207' title='bbox 430 3055 462 3122; x_wconf 93' lang='lat' dir='ltr'>in</span> <span class='ocrx_word' id='word_1_208' title='bbox 477 3077 563 3122; x_wconf 80' lang='lat' dir='ltr'>mens</span> <span class='ocrx_word' id='word_1_209' title='bbox 576 3053 774 3120; x_wconf 78' lang='lat' dir='ltr'>charissimes</span> <span class='ocrx_word' id='word_1_210' title='bbox 788 3075 917 3120; x_wconf 82' lang='lat' dir='ltr'>munus:</span> 
     </span>
     <span class='ocr_line' id='line_1_34' title="bbox 186 3139 1186 3227; baseline 0.001 -18"><span class='ocrx_word' id='word_1_211' title='bbox 186 3145 285 3210; x_wconf 77' lang='lat' dir='ltr'>Serve</span> <span class='ocrx_word' id='word_1_212' title='bbox 299 3163 374 3206; x_wconf 78' lang='lat' dir='ltr'>vero</span> <span class='ocrx_word' id='word_1_213' title='bbox 388 3144 498 3223; x_wconf 75' lang='lat' dir='ltr'>ipsum,</span> <span class='ocrx_word' id='word_1_214' title='bbox 512 3163 570 3206; x_wconf 81' lang='lat' dir='ltr'>oro</span> <span class='ocrx_word' id='word_1_215' title='bbox 585 3155 616 3206; x_wconf 89' lang='lat' dir='ltr'>te</span> <span class='ocrx_word' id='word_1_216' title='bbox 629 3139 777 3227; x_wconf 77' lang='lat' dir='ltr'>supplex:</span> <span class='ocrx_word' id='word_1_217' title='bbox 799 3139 886 3206; x_wconf 78' lang='lat' dir='ltr'>fratri</span> <span class='ocrx_word' id='word_1_218' title='bbox 902 3163 976 3206; x_wconf 83' lang='lat' dir='ltr'>voro</span> <span class='ocrx_word' id='word_1_219' title='bbox 990 3155 1047 3207; x_wconf 89' lang='lat' dir='ltr'>tuo</span> <span class='ocrx_word' id='word_1_220' title='bbox 1121 3151 1186 3210; x_wconf 80' lang='grc'>900</span> 
     </span>
     <span class='ocr_line' id='line_1_35' title="bbox 188 3226 794 3314; baseline -0.005 -19"><span class='ocrx_word' id='word_1_221' title='bbox 188 3230 339 3295; x_wconf 75' lang='lat' dir='ltr'>Pietatem</span> <span class='ocrx_word' id='word_1_222' title='bbox 355 3241 442 3293; x_wconf 86' lang='lat' dir='ltr'>tuem</span> <span class='ocrx_word' id='word_1_223' title='bbox 458 3247 498 3290; x_wconf 86' lang='lat' dir='ltr'>ne</span> <span class='ocrx_word' id='word_1_224' title='bbox 512 3226 628 3310; x_wconf 81' lang='lat' dir='ltr'>prodes</span> <span class='ocrx_word' id='word_1_225' title='bbox 644 3249 794 3314; x_wconf 84' lang='lat' dir='ltr'>unqnom,</span> 
     </span>
     <span class='ocr_line' id='line_1_36' title="bbox 184 3313 963 3414; baseline -0.004 -33"><span class='ocrx_word' id='word_1_226' title='bbox 184 3315 331 3382; x_wconf 83' lang='lat' dir='ltr'>Gretinm</span> <span class='ocrx_word' id='word_1_227' title='bbox 346 3313 459 3378; x_wconf 75' lang='lat' dir='ltr'>molens</span> <span class='ocrx_word' id='word_1_228' title='bbox 475 3313 685 3414; x_wconf 75' lang='lat' dir='ltr'>injustumque</span> <span class='ocrx_word' id='word_1_229' title='bbox 697 3313 751 3379; x_wconf 75' lang='lat' dir='ltr'>tibi</span> <span class='ocrx_word' id='word_1_230' title='bbox 764 3333 963 3400; x_wconf 77' lang='lat' dir='ltr'>competens.</span> 
     </span>
     <span class='ocr_line' id='line_1_37' title="bbox 184 3399 831 3486; baseline -0.009 -18"><span class='ocrx_word' id='word_1_231' title='bbox 184 3401 267 3468; x_wconf 82' lang='lat' dir='ltr'>Odit</span> <span class='ocrx_word' id='word_1_232' title='bbox 280 3400 364 3466; x_wconf 90' lang='lat' dir='ltr'>enim</span> <span class='ocrx_word' id='word_1_233' title='bbox 379 3399 468 3464; x_wconf 83' lang='lat' dir='ltr'>Deus</span> <span class='ocrx_word' id='word_1_234' title='bbox 483 3421 557 3476; x_wconf 82' lang='grc' dir='ltr'><strong>ιιιιι,</strong></span> <span class='ocrx_word' id='word_1_235' title='bbox 572 3413 678 3486; x_wconf 80' lang='lat' dir='ltr'>pertus</span> <span class='ocrx_word' id='word_1_236' title='bbox 695 3421 770 3472; x_wconf 73' lang='lat' dir='ltr'>veto</span> <span class='ocrx_word' id='word_1_237' title='bbox 782 3419 831 3463; x_wconf 78' lang='lat' dir='ltr'>ree</span> 
     </span>
     <span class='ocr_line' id='line_1_38' title="bbox 187 3485 887 3586; baseline -0.004 -33"><span class='ocrx_word' id='word_1_238' title='bbox 187 3486 351 3554; x_wconf 81' lang='lat' dir='ltr'>Possidere</span> <span class='ocrx_word' id='word_1_239' title='bbox 359 3485 452 3571; x_wconf 82' lang='lat' dir='ltr'>jubet</span> <span class='ocrx_word' id='word_1_240' title='bbox 464 3505 584 3564; x_wconf 85' lang='lat' dir='ltr'>omnes,</span> <span class='ocrx_word' id='word_1_241' title='bbox 600 3507 663 3552; x_wconf 90' lang='lat' dir='ltr'>non</span> <span class='ocrx_word' id='word_1_242' title='bbox 681 3485 887 3586; x_wconf 71' lang='lat' dir='ltr'>petrapium.</span> 
     </span>
     <span class='ocr_line' id='line_1_39' title="bbox 185 3571 1068 3657; baseline -0.007 -17"><span class='ocrx_word' id='word_1_243' title='bbox 185 3571 383 3640; x_wconf 79' lang='lat' dir='ltr'>Omittendoe</span> <span class='ocrx_word' id='word_1_244' title='bbox 397 3583 500 3636; x_wconf 86' lang='lat' dir='ltr'>nutem</span> <span class='ocrx_word' id='word_1_245' title='bbox 517 3585 591 3636; x_wconf 82' lang='lat' dir='ltr'>sunt</span> <span class='ocrx_word' id='word_1_246' title='bbox 604 3571 732 3650; x_wconf 71' lang='lat' dir='ltr'>divine,</span> <span class='ocrx_word' id='word_1_247' title='bbox 749 3571 873 3657; x_wconf 72' lang='lat' dir='ltr'>injustos</span> <span class='ocrx_word' id='word_1_248' title='bbox 887 3571 1068 3636; x_wconf 75' lang='lat' dir='ltr'>existentes:</span> 
     </span>
     <span class='ocr_line' id='line_1_40' title="bbox 186 3656 1015 3726; baseline -0.007 0"><span class='ocrx_word' id='word_1_249' title='bbox 186 3659 368 3726; x_wconf 84' lang='lat' dir='ltr'>Commune</span> <span class='ocrx_word' id='word_1_250' title='bbox 382 3657 467 3722; x_wconf 86' lang='lat' dir='ltr'>enim</span> <span class='ocrx_word' id='word_1_251' title='bbox 480 3671 527 3724; x_wconf 82' lang='lat' dir='ltr'>eet</span> <span class='ocrx_word' id='word_1_252' title='bbox 540 3657 658 3724; x_wconf 85' lang='lat' dir='ltr'>eoelum</span> <span class='ocrx_word' id='word_1_253' title='bbox 674 3657 821 3723; x_wconf 82' lang='lat' dir='ltr'>omnibus</span> <span class='ocrx_word' id='word_1_254' title='bbox 834 3656 1015 3721; x_wconf 86' lang='lat' dir='ltr'>hominibus</span> 
     </span>
     <span class='ocr_line' id='line_1_41' title="bbox 186 3743 922 3829; baseline -0.005 -17"><span class='ocrx_word' id='word_1_255' title='bbox 186 3745 230 3812; x_wconf 67' lang='lat' dir='ltr'>Fe</span> <span class='ocrx_word' id='word_1_256' title='bbox 243 3761 338 3820; x_wconf 81' lang='lat' dir='ltr'>terro,</span> <span class='ocrx_word' id='word_1_257' title='bbox 354 3744 387 3808; x_wconf 91' lang='lat' dir='ltr'>in</span> <span class='ocrx_word' id='word_1_258' title='bbox 403 3765 467 3829; x_wconf 82' lang='lat' dir='ltr'>qus</span> <span class='ocrx_word' id='word_1_259' title='bbox 479 3757 604 3828; x_wconf 83' lang='lat' dir='ltr'>oportet</span> <span class='ocrx_word' id='word_1_260' title='bbox 617 3743 786 3829; x_wconf 70' lang='lat' dir='ltr'>implentes</span> <span class='ocrx_word' id='word_1_261' title='bbox 799 3743 922 3819; x_wconf 86' lang='lat' dir='ltr'>domos,</span> 
     </span>
     <span class='ocr_line' id='line_1_42' title="bbox 187 3829 831 3916; baseline -0.008 -18"><span class='ocrx_word' id='word_1_262' title='bbox 187 3831 262 3898; x_wconf 87' lang='lat' dir='ltr'>Non</span> <span class='ocrx_word' id='word_1_263' title='bbox 278 3829 396 3896; x_wconf 77' lang='lat' dir='ltr'>hebere</span> <span class='ocrx_word' id='word_1_264' title='bbox 409 3829 522 3910; x_wconf 70' lang='lat' dir='ltr'>aliene,</span> <span class='ocrx_word' id='word_1_265' title='bbox 537 3851 641 3916; x_wconf 89' lang='lat' dir='ltr'>neque</span> <span class='ocrx_word' id='word_1_266' title='bbox 653 3829 777 3896; x_wconf 77' lang='lat' dir='ltr'>auferre</span> <span class='ocrx_word' id='word_1_267' title='bbox 791 3829 831 3893; x_wconf 84' lang='lat' dir='ltr'>vi.</span> 
     </span>
     <span class='ocr_line' id='line_1_43' title="bbox 188 3913 1005 3995; baseline -0.01 -11"><span class='ocrx_word' id='word_1_268' title='bbox 188 3917 245 3984; x_wconf 80' lang='lat' dir='ltr'>Me</span> <span class='ocrx_word' id='word_1_269' title='bbox 258 3939 334 3982; x_wconf 82' lang='lat' dir='ltr'>vero</span> <span class='ocrx_word' id='word_1_270' title='bbox 347 3916 456 3981; x_wconf 83' lang='lat' dir='ltr'>divino</span> <span class='ocrx_word' id='word_1_271' title='bbox 469 3915 612 3995; x_wconf 79' lang='lat' dir='ltr'>oonsilio,</span> <span class='ocrx_word' id='word_1_272' title='bbox 628 3915 682 3982; x_wconf 82' lang='lat' dir='ltr'>sed</span> <span class='ocrx_word' id='word_1_273' title='bbox 697 3939 769 3982; x_wconf 85' lang='lat' dir='ltr'>eum</span> <span class='ocrx_word' id='word_1_274' title='bbox 785 3935 856 3979; x_wconf 82' lang='lat' dir='ltr'>mee</span> <span class='ocrx_word' id='word_1_275' title='bbox 870 3913 1005 3990; x_wconf 83' lang='lat' dir='ltr'>miserie,</span> 
     </span>
     <span class='ocr_line' id='line_1_44' title="bbox 189 3997 1190 4088; baseline -0.008 -18"><span class='ocrx_word' id='word_1_276' title='bbox 189 4003 370 4070; x_wconf 80' lang='lat' dir='ltr'>Mercurius</span> <span class='ocrx_word' id='word_1_277' title='bbox 383 4001 512 4074; x_wconf 70' lang='lat' dir='ltr'>tradidit</span> <span class='ocrx_word' id='word_1_278' title='bbox 525 4005 607 4088; x_wconf 79' lang='lat' dir='ltr'>petri</span> <span class='ocrx_word' id='word_1_279' title='bbox 623 4018 679 4068; x_wconf 89' lang='lat' dir='ltr'>tuo</span> <span class='ocrx_word' id='word_1_280' title='bbox 693 4015 729 4068; x_wconf 93' lang='lat' dir='ltr'>ut</span> <span class='ocrx_word' id='word_1_281' title='bbox 743 4024 794 4068; x_wconf 88' lang='lat' dir='ltr'>me</span> <span class='ocrx_word' id='word_1_282' title='bbox 806 4011 943 4066; x_wconf 77' lang='lat' dir='ltr'>semeet</span> <span class='ocrx_word' id='word_1_283' title='bbox 957 3997 1072 4064; x_wconf 79' lang='lat' dir='ltr'>merito</span> <span class='ocrx_word' id='word_1_284' title='bbox 1125 4003 1190 4064; x_wconf 80' lang='lat'>910</span> 
     </span>
     <span class='ocr_line' id='line_1_45' title="bbox 188 4087 810 4175; baseline -0.003 -19"><span class='ocrx_word' id='word_1_285' title='bbox 188 4089 289 4166; x_wconf 81' lang='lat' dir='ltr'>Huic,</span> <span class='ocrx_word' id='word_1_286' title='bbox 303 4089 361 4175; x_wconf 88' lang='lat' dir='ltr'>qui</span> <span class='ocrx_word' id='word_1_287' title='bbox 374 4087 462 4156; x_wconf 75' lang='lat' dir='ltr'>edent</span> <span class='ocrx_word' id='word_1_288' title='bbox 475 4103 507 4154; x_wconf 88' lang='lat' dir='ltr'>et</span> <span class='ocrx_word' id='word_1_289' title='bbox 521 4088 587 4154; x_wconf 82' lang='lat' dir='ltr'>vult</span> <span class='ocrx_word' id='word_1_290' title='bbox 601 4111 647 4154; x_wconf 80' lang='lat' dir='ltr'>nte</span> <span class='ocrx_word' id='word_1_291' title='bbox 661 4089 810 4175; x_wconf 82' lang='lat' dir='ltr'>recipere.</span> 
     </span>
     <span class='ocr_line' id='line_1_46' title="bbox 187 4167 1118 4264; baseline -0.012 -21"><span class='ocrx_word' id='word_1_292' title='bbox 187 4175 362 4254; x_wconf 80' lang='lat' dir='ltr'>Quomodo</span> <span class='ocrx_word' id='word_1_293' title='bbox 373 4175 471 4264; x_wconf 74' lang='lat' dir='ltr'>igitur</span> <span class='ocrx_word' id='word_1_294' title='bbox 481 4189 625 4242; x_wconf 82' lang='lat' dir='ltr'>mortuus</span> <span class='ocrx_word' id='word_1_295' title='bbox 635 4197 681 4242; x_wconf 78' lang='lat' dir='ltr'>ete</span> <span class='ocrx_word' id='word_1_296' title='bbox 690 4171 842 4262; x_wconf 75' lang='lat' dir='ltr'>recipiet?</span> <span class='ocrx_word' id='word_1_297' title='bbox 852 4183 885 4238; x_wconf 91' lang='lat' dir='ltr'>et</span> <span class='ocrx_word' id='word_1_298' title='bbox 894 4171 1054 4258; x_wconf 86' lang='lat' dir='ltr'>quomodo</span> <span class='ocrx_word' id='word_1_299' title='bbox 1065 4167 1118 4234; x_wconf 86' lang='lat' dir='ltr'>ilie</span> 
     </span>
     <span class='ocr_line' id='line_1_47' title="bbox 190 4259 683 4330; baseline -0.004 -2"><span class='ocrx_word' id='word_1_300' title='bbox 190 4261 300 4330; x_wconf 76' lang='lat' dir='ltr'>Vivum</span> <span class='ocrx_word' id='word_1_301' title='bbox 317 4275 443 4330; x_wconf 81' lang='grc' dir='ltr'><strong>ιιιοηιιο</strong></span> <span class='ocrx_word' id='word_1_302' title='bbox 457 4261 532 4328; x_wconf 86' lang='lat' dir='ltr'>huie</span> <span class='ocrx_word' id='word_1_303' title='bbox 548 4259 683 4328; x_wconf 82' lang='lat' dir='ltr'>reddet?</span> 
     </span>
    </p>
   </div>
   <div class='ocr_carea' id='block_1_3' title="bbox 0 0 1449 4858">
    <p class='ocr_par' dir='ltr' id='par_1_3' title="bbox 0 0 1449 4858">
     <span class='ocr_line' id='line_1_48' title="bbox 0 0 1449 4858; baseline 0 0"><span class='ocrx_word' id='word_1_304' title='bbox 0 0 1449 4858; x_wconf 95' lang='lat' dir='ltr'> </span> 
     </span>
    </p>
   </div>
  </div>
 </body>
</html>
