2882 4858
681 217 992 307 sunrrrnus

290 439 294 448 ·
383 411 540 479 Prseteres
552 411 646 477 etiam
661 426 748 478 tuam
765 413 934 503 conjugem¹
947 413 1087 490 miserm,
1102 425 1203 500 peter,
1317 423 1376 480 62⁰

383 490 513 586 Absque
528 497 632 563 liberis
646 511 874 564 senescentem:
898 519 961 563 non
976 499 1059 564 enim
1075 510 1122 565 est
1135 501 1244 590 dignu,

381 586 465 664 Ques
480 585 570 670 prole
583 597 698 660 careat,
715 605 792 650 cum
801 585 840 650 sit
856 585 946 650 bonis
958 587 1144 672 perentibus
1156 599 1323 676 progusta-

383 671 487 762 Regui
502 693 582 737 vero
593 673 709 738 frustra
722 671 841 736 laudati

383 758 508 844 Species
523 756 649 843 quidem
665 772 797 822 exterus
811 771 901 844 grate
913 767 968 832 est,
984 757 1132 822 interiore
1144 767 1221 824 sero

381 847 458 911 Sunt
471 843 589 908 tristis:
612 842 681 928 quis
696 845 779 906 enim
794 843 913 920 beatus,
930 844 999 946 (pris
1013 841 1092 908 felix
1104 855 1157 922 est,

382 929 448 1006 Qui
462 952 575 1012 semper
588 939 730 998 metuens
744 941 775 993 et
790 930 1040 1016 circumspiciens
1053 931 1116 994 vim

381 1016 481 1104 Degit
495 1015 613 1080 vitam?
637 1016 778 1102 privatus
792 1013 890 1106 igitur
902 1015 1081 1080 fortunatus

381 1101 496 1165 Vivere
508 1099 628 1180 malim,
642 1123 736 1188 quem
752 1103 899 1186 princeps
913 1102 1060 1178 existens,

385 1187 446 1253 Cui
461 1187 604 1271 voluptas
618 1197 661 1250 eat
674 1187 836 1272 improbos
851 1187 967 1251 habere
981 1188 1106 1264 amicos,

382 1272 426 1338 Et
439 1275 493 1360 qui
506 1273 607 1338 bonos
622 1271 700 1351 odit,
715 1290 857 1338 metuens
872 1274 1086 1338 nemoriatur.
1317 1279 1377 1341 8³0

287 1381 292 1392 '
380 1361 442 1426 Sed
454 1355 584 1422 fortusse
597 1356 692 1436 dices,
709 1359 794 1443 quod
810 1381 921 1423 aurum
936 1359 1006 1424 haec
1021 1369 1157 1444 superat,

382 1445 425 1510 Et
439 1443 536 1509 dulce
546 1453 590 1508 est
602 1443 720 1508 habere
734 1445 873 1510 divitias:
898 1466 962 1508 non
978 1467 1050 1510 smo
1064 1444 1174 1510 audire
1186 1444 1367 1532 opprobrie,

382 1531 421 1595 In
438 1530 579 1594 manibus
594 1551 718 1594 servans
732 1530 867 1608 divitias,
883 1553 986 1616 neque
999 1530 1115 1594 habere
1129 1531 1264 1596 labores.

381 1617 431 1681 Sit
444 1616 521 1679 mihi
536 1617 639 1680 vivere
654 1617 853 1682 mediocriter
867 1618 933 1681 sine
946 1616 1083 1692 tristitia.

381 1700 466 1780 Quae
481 1723 556 1766 vero
571 1702 622 1765 bic
637 1701 802 1768 habuerim
818 1705 911 1780 bona,
928 1703 1012 1780 endi,
1026 1715 1132 1786 peter:

383 1779 525 1852 Primum
542 1788 667 1874 quidem
683 1789 896 1874 gratissimum
912 1787 1091 1852 hominibus
1105 1787 1215 1866 otium,

382 1874 588 1960 Turbamque
602 1873 791 1940 mediocrem
800 1899 809 1951 ;
834 1897 934 1961 neque
950 1897 1000 1940 me
1013 1874 1192 1939 deturbavit
1202 1875 1243 1938 de
1258 1873 1310 1937 ria

383 1961 433 2024 Im
457 1960 554 2024 robus
568 1956 727 2047 quisnam:
752 1959 949 2025 illudentem
965 1982 1028 2024 non
1044 1959 1216 2038 tolerubsse,

383 1983 505 2110 cegere
519 2045 561 2109 de
576 2047 633 2122 via,
649 2059 681 2110 et
695 2047 798 2111 locum
814 2046 890 2112 dare
904 2045 1121 2111 deterioribus.

381 2132 420 2196 Iu
434 2131 566 2196 deorum
582 2153 656 2196 vero
676 2133 822 2218 precibus
843 2146 897 2197 sut
918 2131 1115 2198 sermonibus
1129 2133 1226 2196 vitam
1248 2133 1375 2220 sgebntn

462 2217 628 2282 hominum
1315 2225 1375 2284 640

379 2303 554 2366 inserviens
570 2303 665 2382 curis,
680 2305 744 2386 ipse
757 2325 820 2368 non
836 2315 994 2388 expertus.

379 2387 423 2453 Et
445 2388 523 2488 alios
547 2391 673 2475 quidem
699 2389 914 2467 demittebam‚
938 2389 990 2455 ulii
1014 2411 1088 2454 vero
1114 2387 1281 2454 veniebant
1305 2387 1372 2452 bos·

487 2486 554 2552 stes,

380 2496 492 2647 Itsqriie
501 2560 660 2646 jucundus
674 2583 798 2646 semper
810 2583 903 2639 eram,
919 2563 1009 2626 novis
1022 2561 1090 2648 ipse
1105 2583 1205 2626 novus
1218 2559 1362 2626 existens.

317 2713 321 2724 ,
380 2646 477 2724 Quod
490 2668 566 2710 vero
581 2645 756 2734 optandum
773 2660 820 2713 est
832 2647 1022 2725 hominibus,
1038 2647 1131 2712 etism
1148 2645 1336 2722 nolenttbus,

283 2740 288 2750 ’
379 2731 505 2798 Justum
520 2755 571 2798 me
585 2748 616 2799 et
631 2733 683 2798 lex
697 2747 729 2798 et
742 2747 856 2798 natura
869 2734 962 2798 simul
1133 2759 1137 2768 ·

379 2819 452 2882 Deo
466 2819 614 2904 praebuit.
659 2820 743 2886 Haec
758 2820 899 2920 cogitans
912 2841 1046 2896 mecum,

382 2903 519 2970 Meliore
533 2905 676 2970 existimo
714 2927 763 2970 uae
777 2905 831 2969 htc
845 2916 923 2984 aunt,
939 2927 1032 2992 quem
1048 2927 1120 2992 quse
1136 2903 1211 2984 iilic,
1226 2917 1324 2992 pater.

378 2989 472 3056 Sinas
487 2991 585 3078 igitur
600 3013 650 3056 me
664 2929 740 3055 mibi
756 2992 875 3055 rivere:
897 2993 1027 3078 aeqnalis
1041 2993 1124 3056 enim
1140 3005 1189 3056 est
1201 2991 1313 3078 gratis,

382 3075 511 3160 Magnis
525 3077 671 3162 gaudere,
686 3078 854 3164 parvisque
863 3077 1005 3164 jucunde
1018 3077 1090 3142 frui.

292 3181 370 3227 cuo.
378 3163 474 3226 Recte
487 3161 607 3238 dixisti,
623 3165 649 3227 si
664 3165 760 3228 modo
775 3165 835 3241 itti,
851 3185 930 3250 quos
945 3187 1006 3252 ego
1019 3183 1100 3240 emo,
1311 3167 1372 3226 6⁵0

381 3245 444 3312 His
457 3248 519 3313 tuis
534 3248 637 3312 verbis
652 3249 755 3314 felices
769 3249 831 3313 sint
845 3249 952 3314 futuri.

294 3352 353 3400 xu,
377 3331 475 3398 Mitte
489 3332 546 3398 bos
561 3357 729 3413 sermones,
745 3348 776 3400 et
789 3334 866 3400 felix
882 3357 949 3400 esse
961 3335 1066 3399 disce:

378 3419 460 3484 Volo
474 3420 558 3484 enim
574 3423 627 3498 ibi,
644 3421 698 3486 nbi
713 3436 745 3486 te
758 3421 874 3497 inveni,
891 3421 1065 3508 auspicium
1079 3419 1193 3496 facere,
1208 3417 1266 3496 titi,

381 3504 566 3570 Communis
582 3529 699 3572 menses
714 3507 890 3572 convivium
906 3506 945 3572 ud
961 3529 1131 3572 commune
1144 3506 1281 3580 veniens.

381 3591 605 3678 Sacrificioque
618 3595 713 3672 iacto,
729 3607 783 3658 tua
803 3593 919 3658 natsiis
940 3593 1099 3658 oelebrsre
1112 3613 1184 3680 qate
1205 3591 1293 3677 prius
1313 3607 1372 3652 nou

463 3677 698 3756 celebravimus,
1423 3697 1424 3700 ’

379 3763 475 3827 Nunc
488 3770 593 3828 sutem
609 3777 641 3829 te
654 3766 735 3829 sicut
749 3765 903 3852 hospitem
918 3765 1038 3832 ducens
1052 3763 1269 3840 domesticum,

279 3847 283 3856 '
380 3845 578 3914 Exhilursbo
592 3851 753 3916 convivio:
776 3865 808 3916 et
821 3851 938 3916 Attice
952 3864 1046 3916 terroe

379 3931 507 4084 Ducsrp
517 3936 603 4000 velut
613 3951 830 4022 spectatorem,
841 3951 990 4024 tauquam
1001 3959 1066 4002 non
1080 3937 1263 4000 existentem
1274 3953 1370 3998 meum

499 4044 570 4086 rum.

285 4118 289 4128 '
380 4021 489 4169 Μειιξι
505 4109 589 4172 enim
603 4111 768 4196 conjugem
784 4131 847 4173 non
863 4109 937 4173 volo
1422 4083 1423 4149 ¹

381 4187 662 4259 Tristitia-afficere
675 4195 859 4260 existentem
875 4194 1023 4271 sterilem,
1039 4215 1111 4258 curn
1127 4193 1195 4278 ipse
1208 4193 1265 4258 sim
1277 4188 1361 4255 felix.

380 4271 539 4360 Tempore
555 4301 629 4344 uero
643 4283 839 4347 occasionem
854 4281 1011 4366 accipiens
1025 4279 1182 4348 adducam
1312 4283 1369 4340 661
