<?xml version="1.0" encoding="UTF-8"?>
<!DOCTYPE html PUBLIC "-//W3C//DTD XHTML 1.0 Transitional//EN"
    "http://www.w3.org/TR/xhtml1/DTD/xhtml1-transitional.dtd">
<html xmlns="http://www.w3.org/1999/xhtml" xml:lang="en" lang="en">
 <head>
  <title>
</title>
<meta http-equiv="Content-Type" content="text/html;charset=utf-8" />
  <meta name='ocr-system' content='tesseract 3.04.00' />
  <meta name='ocr-capabilities' content='ocr_page ocr_carea ocr_par ocr_line ocrx_word'/>
</head>
<body>
  <div class='ocr_page' id='page_1' title='image "./euripidistragoe00mattgoog/euripidistragoe00mattgoog_0605.png"; bbox 0 0 2888 4856; ppageno 0'>
   <div class='ocr_carea' id='block_1_1' title="bbox 631 200 1031 284">
    <p class='ocr_par' dir='ltr' id='par_1_1' title="bbox 631 200 1031 284">
     <span class='ocr_line' id='line_1_1' title="bbox 631 200 1031 284; baseline -0.003 0"><span class='ocrx_word' id='word_1_1' title='bbox 631 200 975 284; x_wconf 77' lang='lat' dir='ltr'><strong>auururu&#39;rs.</strong></span> <span class='ocrx_word' id='word_1_2' title='bbox 1025 215 1031 229; x_wconf 88' lang='lat'><strong>·</strong></span> 
     </span>
    </p>
   </div>
   <div class='ocr_carea' id='block_1_2' title="bbox 259 392 1436 3583">
    <p class='ocr_par' dir='ltr' id='par_1_2' title="bbox 341 392 988 478">
     <span class='ocr_line' id='line_1_2' title="bbox 341 392 988 478; baseline -0.011 -17"><span class='ocrx_word' id='word_1_3' title='bbox 341 396 383 462; x_wconf 84' lang='lat' dir='ltr'><strong>Et</strong></span> <span class='ocrx_word' id='word_1_4' title='bbox 396 394 623 478; x_wconf 81' lang='lat' dir='ltr'><strong>limpidaaquc</strong></span> <span class='ocrx_word' id='word_1_5' title='bbox 637 392 747 456; x_wconf 77' lang='lat' dir='ltr'><strong>Dirum</strong></span> <span class='ocrx_word' id='word_1_6' title='bbox 761 392 988 456; x_wconf 78' lang='lat' dir='ltr'><strong>cruentabitur.</strong></span> 
     </span>
    </p>

    <p class='ocr_par' dir='ltr' id='par_1_3' title="bbox 322 475 1296 566">
     <span class='ocr_line' id='line_1_3' title="bbox 322 475 1296 566; baseline 0 -24"><span class='ocrx_word' id='word_1_7' title='bbox 322 523 325 542; x_wconf 88' lang='lat'><strong>.</strong></span> <span class='ocrx_word' id='word_1_8' title='bbox 340 481 466 546; x_wconf 85' lang='lat' dir='ltr'><strong>Etenim</strong></span> <span class='ocrx_word' id='word_1_9' title='bbox 480 479 532 544; x_wconf 87' lang='lat' dir='ltr'><strong>cui</strong></span> <span class='ocrx_word' id='word_1_10' title='bbox 547 501 597 542; x_wconf 91' lang='lat' dir='ltr'><strong>rne</strong></span> <span class='ocrx_word' id='word_1_11' title='bbox 614 479 726 566; x_wconf 78' lang='lat' dir='ltr'><strong>magis,</strong></span> <span class='ocrx_word' id='word_1_12' title='bbox 740 499 834 564; x_wconf 85' lang='lat' dir='ltr'><strong>quam</strong></span> <span class='ocrx_word' id='word_1_13' title='bbox 848 477 955 554; x_wconf 83' lang='lat' dir='ltr'><strong>uxori,</strong></span> <span class='ocrx_word' id='word_1_14' title='bbox 970 475 1120 562; x_wconf 80' lang='lat' dir='ltr'><strong>opitulari</strong></span> <span class='ocrx_word' id='word_1_15' title='bbox 1134 477 1296 554; x_wconf 76' lang='lat' dir='ltr'><strong>convenit,</strong></span> 
     </span>
    </p>

    <p class='ocr_par' dir='ltr' id='par_1_4' title="bbox 340 562 978 643">
     <span class='ocr_line' id='line_1_4' title="bbox 340 562 978 643; baseline -0.011 -10"><span class='ocrx_word' id='word_1_16' title='bbox 340 567 384 633; x_wconf 90' lang='lat' dir='ltr'><strong>Et</strong></span> <span class='ocrx_word' id='word_1_17' title='bbox 398 566 514 643; x_wconf 89' lang='lat' dir='ltr'><strong>liberis,</strong></span> <span class='ocrx_word' id='word_1_18' title='bbox 530 579 562 630; x_wconf 90' lang='lat' dir='ltr'><strong>et</strong></span> <span class='ocrx_word' id='word_1_19' title='bbox 576 564 666 628; x_wconf 83' lang='lat' dir='ltr'><strong>seni?</strong></span> <span class='ocrx_word' id='word_1_20' title='bbox 689 563 823 628; x_wconf 80' lang='lat' dir='ltr'><strong>Valeant</strong></span> <span class='ocrx_word' id='word_1_21' title='bbox 838 562 978 628; x_wconf 86' lang='lat' dir='ltr'><strong>labores:</strong></span> 
     </span>
    </p>

    <p class='ocr_par' dir='ltr' id='par_1_5' title="bbox 342 647 1345 734">
     <span class='ocr_line' id='line_1_5' title="bbox 342 647 1345 734; baseline -0.005 -17"><span class='ocrx_word' id='word_1_22' title='bbox 342 654 472 718; x_wconf 77' lang='lat' dir='ltr'>Frustra</span> <span class='ocrx_word' id='word_1_23' title='bbox 485 653 569 716; x_wconf 87' lang='lat' dir='ltr'><strong>eninr</strong></span> <span class='ocrx_word' id='word_1_24' title='bbox 585 652 655 714; x_wconf 89' lang='lat' dir='ltr'><strong>illos</strong></span> <span class='ocrx_word' id='word_1_25' title='bbox 669 651 883 734; x_wconf 88' lang='lat' dir='ltr'><strong>potiusquam</strong></span> <span class='ocrx_word' id='word_1_26' title='bbox 901 649 960 712; x_wconf 88' lang='lat' dir='ltr'><strong>hos</strong></span> <span class='ocrx_word' id='word_1_27' title='bbox 972 647 1141 714; x_wconf 74' lang='lat' dir='ltr'><strong>exantlavi.</strong></span> <span class='ocrx_word' id='word_1_28' title='bbox 1280 655 1345 726; x_wconf 78' lang='grc' dir='ltr'><strong>5ῖο</strong></span> 
     </span>
    </p>

    <p class='ocr_par' dir='ltr' id='par_1_6' title="bbox 343 735 1208 821">
     <span class='ocr_line' id='line_1_6' title="bbox 343 735 1208 821; baseline -0.008 -18"><span class='ocrx_word' id='word_1_29' title='bbox 343 741 385 803; x_wconf 89' lang='lat' dir='ltr'><strong>Et</strong></span> <span class='ocrx_word' id='word_1_30' title='bbox 399 741 546 804; x_wconf 81' lang='lat' dir='ltr'><strong>convenit</strong></span> <span class='ocrx_word' id='word_1_31' title='bbox 560 759 611 800; x_wconf 86' lang='lat' dir='ltr'><strong>nre</strong></span> <span class='ocrx_word' id='word_1_32' title='bbox 624 758 683 821; x_wconf 91' lang='lat' dir='ltr'><strong>pro</strong></span> <span class='ocrx_word' id='word_1_33' title='bbox 697 737 773 813; x_wconf 85' lang='lat' dir='ltr'><strong>istis,</strong></span> <span class='ocrx_word' id='word_1_34' title='bbox 790 736 815 799; x_wconf 84' lang='lat' dir='ltr'><strong>ei</strong></span> <span class='ocrx_word' id='word_1_35' title='bbox 829 735 956 821; x_wconf 90' lang='lat' dir='ltr'><strong>quidem</strong></span> <span class='ocrx_word' id='word_1_36' title='bbox 971 735 1017 798; x_wconf 92' lang='lat' dir='ltr'><strong>illi</strong></span> <span class='ocrx_word' id='word_1_37' title='bbox 1031 757 1091 820; x_wconf 91' lang='lat' dir='ltr'><strong>pro</strong></span> <span class='ocrx_word' id='word_1_38' title='bbox 1105 747 1208 820; x_wconf 72' lang='lat' dir='ltr'><strong>putre,</strong></span> 
     </span>
    </p>

    <p class='ocr_par' dir='ltr' id='par_1_7' title="bbox 342 821 1234 911">
     <span class='ocr_line' id='line_1_7' title="bbox 342 821 1234 911; baseline -0.004 -21"><span class='ocrx_word' id='word_1_39' title='bbox 342 825 599 911; x_wconf 83' lang='lat' dir='ltr'><strong>Prnpugunntem</strong></span> <span class='ocrx_word' id='word_1_40' title='bbox 615 823 716 886; x_wconf 86' lang='lat' dir='ltr'><strong>mori:</strong></span> <span class='ocrx_word' id='word_1_41' title='bbox 739 838 794 886; x_wconf 90' lang='lat' dir='ltr'><strong>aut</strong></span> <span class='ocrx_word' id='word_1_42' title='bbox 808 823 883 907; x_wconf 91' lang='lat' dir='ltr'><strong>quid</strong></span> <span class='ocrx_word' id='word_1_43' title='bbox 898 821 1040 886; x_wconf 88' lang='lat' dir='ltr'><strong>dicemus</strong></span> <span class='ocrx_word' id='word_1_44' title='bbox 1052 821 1234 898; x_wconf 67' lang='lat' dir='ltr'><strong>homar,</strong></span> 
     </span>
    </p>

    <p class='ocr_par' dir='ltr' id='par_1_8' title="bbox 343 907 1001 998">
     <span class='ocr_line' id='line_1_8' title="bbox 343 907 1001 998; baseline -0.005 -23"><span class='ocrx_word' id='word_1_45' title='bbox 343 912 491 998; x_wconf 83' lang='lat' dir='ltr'><strong>Pugnare</strong></span> <span class='ocrx_word' id='word_1_46' title='bbox 503 910 631 996; x_wconf 87' lang='lat' dir='ltr'><strong>quidem</strong></span> <span class='ocrx_word' id='word_1_47' title='bbox 645 931 717 972; x_wconf 89' lang='lat' dir='ltr'><strong>cum</strong></span> <span class='ocrx_word' id='word_1_48' title='bbox 735 909 851 994; x_wconf 78' lang='lat' dir='ltr'><strong>Hydra</strong></span> <span class='ocrx_word' id='word_1_49' title='bbox 863 923 896 971; x_wconf 90' lang='lat' dir='ltr'><strong>et</strong></span> <span class='ocrx_word' id='word_1_50' title='bbox 909 907 1001 972; x_wconf 89' lang='lat' dir='ltr'><strong>leone</strong></span> 
     </span>
    </p>

    <p class='ocr_par' dir='ltr' id='par_1_9' title="bbox 345 993 980 1080">
     <span class='ocr_line' id='line_1_9' title="bbox 345 993 980 1080; baseline -0.008 -19"><span class='ocrx_word' id='word_1_51' title='bbox 345 998 447 1062; x_wconf 92' lang='lat' dir='ltr'><strong>Missu</strong></span> <span class='ocrx_word' id='word_1_52' title='bbox 465 995 643 1080; x_wconf 83' lang='lat' dir='ltr'><strong>Eurysthei,</strong></span> <span class='ocrx_word' id='word_1_53' title='bbox 658 1018 678 1059; x_wconf 88' lang='lat' dir='ltr'><strong>a</strong></span> <span class='ocrx_word' id='word_1_54' title='bbox 692 995 770 1058; x_wconf 88' lang='lat' dir='ltr'><strong>meis</strong></span> <span class='ocrx_word' id='word_1_55' title='bbox 785 1017 860 1058; x_wconf 89' lang='lat' dir='ltr'><strong>vero</strong></span> <span class='ocrx_word' id='word_1_56' title='bbox 874 993 980 1057; x_wconf 89' lang='lat' dir='ltr'><strong>liberis</strong></span> 
     </span>
    </p>

    <p class='ocr_par' dir='ltr' id='par_1_10' title="bbox 345 1079 1136 1166">
     <span class='ocr_line' id='line_1_10' title="bbox 345 1079 1136 1166; baseline -0.004 -19"><span class='ocrx_word' id='word_1_57' title='bbox 345 1083 487 1148; x_wconf 87' lang='lat' dir='ltr'><strong>Mortem</strong></span> <span class='ocrx_word' id='word_1_58' title='bbox 501 1105 564 1145; x_wconf 89' lang='lat' dir='ltr'><strong>uon</strong></span> <span class='ocrx_word' id='word_1_59' title='bbox 580 1079 762 1164; x_wconf 75' lang='lat' dir='ltr'><strong>depellam?</strong></span> <span class='ocrx_word' id='word_1_60' title='bbox 783 1103 846 1142; x_wconf 92' lang='lat' dir='ltr'><strong>nun</strong></span> <span class='ocrx_word' id='word_1_61' title='bbox 863 1080 961 1166; x_wconf 84' lang='lat' dir='ltr'><strong>igitur</strong></span> <span class='ocrx_word' id='word_1_62' title='bbox 977 1079 1136 1144; x_wconf 83' lang='lat' dir='ltr'><strong>Herculea</strong></span> 
     </span>
    </p>

    <p class='ocr_par' dir='ltr' id='par_1_11' title="bbox 259 1166 1052 1337">
     <span class='ocr_line' id='line_1_11' title="bbox 346 1166 1052 1244; baseline -0.004 -11"><span class='ocrx_word' id='word_1_63' title='bbox 346 1167 790 1244; x_wconf 73' lang='lat' dir='ltr'><strong>Praeclaris-victoriisclsrus,</strong></span> <span class='ocrx_word' id='word_1_64' title='bbox 806 1179 939 1244; x_wconf 83' lang='lat' dir='ltr'><strong>utente,</strong></span> <span class='ocrx_word' id='word_1_65' title='bbox 954 1166 1052 1230; x_wconf 86' lang='lat' dir='ltr'><strong>dicar.</strong></span> 
     </span>
     <span class='ocr_line' id='line_1_12' title="bbox 259 1252 1031 1337; baseline -0.012 -14"><span class='ocrx_word' id='word_1_66' title='bbox 259 1277 337 1324; x_wconf 79' lang='lat' dir='ltr'><strong>cuo.</strong></span> <span class='ocrx_word' id='word_1_67' title='bbox 345 1256 366 1320; x_wconf 93' lang='lat' dir='ltr'>J</span> <span class='ocrx_word' id='word_1_68' title='bbox 368 1273 471 1320; x_wconf 88' lang='lat' dir='ltr'><strong>ustum</strong></span> <span class='ocrx_word' id='word_1_69' title='bbox 487 1263 530 1318; x_wconf 86' lang='lat' dir='ltr'><strong>est</strong></span> <span class='ocrx_word' id='word_1_70' title='bbox 545 1265 581 1316; x_wconf 91' lang='lat' dir='ltr'><strong>ut</strong></span> <span class='ocrx_word' id='word_1_71' title='bbox 593 1265 738 1337; x_wconf 86' lang='lat' dir='ltr'><strong>parentes</strong></span> <span class='ocrx_word' id='word_1_72' title='bbox 752 1252 901 1337; x_wconf 79' lang='lat' dir='ltr'><strong>adjuvent</strong></span> <span class='ocrx_word' id='word_1_73' title='bbox 916 1252 1031 1316; x_wconf 89' lang='lat' dir='ltr'><strong>liberos</strong></span> 
     </span>
    </p>

    <p class='ocr_par' dir='ltr' id='par_1_12' title="bbox 260 1339 1135 1512">
     <span class='ocr_line' id='line_1_13' title="bbox 346 1339 1108 1427; baseline -0.008 -21"><span class='ocrx_word' id='word_1_74' title='bbox 346 1343 388 1406; x_wconf 88' lang='lat' dir='ltr'><strong>Et</strong></span> <span class='ocrx_word' id='word_1_75' title='bbox 402 1353 522 1427; x_wconf 87' lang='lat' dir='ltr'><strong>patrem</strong></span> <span class='ocrx_word' id='word_1_76' title='bbox 538 1361 653 1416; x_wconf 89' lang='lat' dir='ltr'><strong>senem,</strong></span> <span class='ocrx_word' id='word_1_77' title='bbox 669 1353 701 1403; x_wconf 85' lang='lat' dir='ltr'><strong>et</strong></span> <span class='ocrx_word' id='word_1_78' title='bbox 716 1339 899 1422; x_wconf 77' lang='lat' dir='ltr'><strong>participem</strong></span> <span class='ocrx_word' id='word_1_79' title='bbox 915 1339 1108 1423; x_wconf 73' lang='lat' dir='ltr'><strong>nuptiarum.</strong></span> 
     </span>
     <span class='ocr_line' id='line_1_14' title="bbox 260 1423 1135 1512; baseline -0.007 -18"><span class='ocrx_word' id='word_1_80' title='bbox 260 1449 321 1494; x_wconf 72' lang='lat' dir='ltr'><strong>aar.</strong></span> <span class='ocrx_word' id='word_1_81' title='bbox 344 1427 451 1492; x_wconf 84' lang='lat' dir='ltr'><strong>Tuum</strong></span> <span class='ocrx_word' id='word_1_82' title='bbox 466 1425 593 1512; x_wconf 89' lang='lat' dir='ltr'><strong>quidem</strong></span> <span class='ocrx_word' id='word_1_83' title='bbox 608 1437 663 1504; x_wconf 87' lang='lat' dir='ltr'><strong>est,</strong></span> <span class='ocrx_word' id='word_1_84' title='bbox 678 1423 711 1489; x_wconf 94' lang='grc' dir='ltr'>Ο</span> <span class='ocrx_word' id='word_1_85' title='bbox 726 1424 781 1501; x_wconf 87' lang='lat' dir='ltr'><strong>tili,</strong></span> <span class='ocrx_word' id='word_1_86' title='bbox 796 1425 905 1488; x_wconf 89' lang='lat' dir='ltr'><strong>amicis</strong></span> <span class='ocrx_word' id='word_1_87' title='bbox 920 1447 984 1488; x_wconf 83' lang='lat' dir='ltr'><strong>esse</strong></span> <span class='ocrx_word' id='word_1_88' title='bbox 999 1425 1135 1489; x_wconf 85' lang='lat' dir='ltr'><strong>amicum</strong></span> 
     </span>
    </p>

    <p class='ocr_par' dir='ltr' id='par_1_13' title="bbox 261 1509 1429 1783">
     <span class='ocr_line' id='line_1_15' title="bbox 346 1509 1428 1592; baseline -0.006 -14"><span class='ocrx_word' id='word_1_89' title='bbox 346 1513 389 1578; x_wconf 91' lang='lat' dir='ltr'><strong>Et</strong></span> <span class='ocrx_word' id='word_1_90' title='bbox 404 1513 546 1576; x_wconf 89' lang='lat' dir='ltr'><strong>inimicos</strong></span> <span class='ocrx_word' id='word_1_91' title='bbox 560 1511 677 1574; x_wconf 86' lang='lat' dir='ltr'><strong>odisse:</strong></span> <span class='ocrx_word' id='word_1_92' title='bbox 701 1511 756 1576; x_wconf 89' lang='lat' dir='ltr'><strong>sed</strong></span> <span class='ocrx_word' id='word_1_93' title='bbox 768 1533 809 1574; x_wconf 88' lang='lat' dir='ltr'><strong>ne</strong></span> <span class='ocrx_word' id='word_1_94' title='bbox 824 1511 954 1574; x_wconf 88' lang='lat' dir='ltr'><strong>nimium</strong></span> <span class='ocrx_word' id='word_1_95' title='bbox 969 1509 1102 1574; x_wconf 78' lang='lat' dir='ltr'><strong>festines</strong></span> <span class='ocrx_word' id='word_1_96' title='bbox 1287 1521 1354 1579; x_wconf 74' lang='lat'><strong>⁵8⁰</strong></span> <span class='ocrx_word' id='word_1_97' title='bbox 1427 1529 1428 1592; x_wconf 64' lang='lat' dir='ltr'><strong>t</strong></span> 
     </span>
     <span class='ocr_line' id='line_1_16' title="bbox 261 1596 1429 1688; baseline 0 -24"><span class='ocrx_word' id='word_1_98' title='bbox 261 1598 438 1674; x_wconf 84' lang='lat' dir='ltr'><strong>usn.Quid</strong></span> <span class='ocrx_word' id='word_1_99' title='bbox 452 1620 526 1662; x_wconf 84' lang='lat' dir='ltr'><strong>veru</strong></span> <span class='ocrx_word' id='word_1_100' title='bbox 541 1599 572 1660; x_wconf 89' lang='lat' dir='ltr'><strong>in</strong></span> <span class='ocrx_word' id='word_1_101' title='bbox 589 1598 648 1674; x_wconf 86' lang='lat' dir='ltr'><strong>his,</strong></span> <span class='ocrx_word' id='word_1_102' title='bbox 665 1596 698 1661; x_wconf 95' lang='lat' dir='ltr'>O</span> <span class='ocrx_word' id='word_1_103' title='bbox 712 1610 811 1678; x_wconf 79' lang='lat' dir='ltr'><strong>peter,</strong></span> <span class='ocrx_word' id='word_1_104' title='bbox 827 1597 918 1660; x_wconf 85' lang='lat' dir='ltr'><strong>citius</strong></span> <span class='ocrx_word' id='word_1_105' title='bbox 932 1597 979 1670; x_wconf 85' lang='lat' dir='ltr'><strong>fit,</strong></span> <span class='ocrx_word' id='word_1_106' title='bbox 995 1617 1090 1683; x_wconf 84' lang='lat' dir='ltr'><strong>quam</strong></span> <span class='ocrx_word' id='word_1_107' title='bbox 1104 1597 1299 1664; x_wconf 79' lang='lat' dir='ltr'><strong>conreniat?</strong></span> <span class='ocrx_word' id='word_1_108' title='bbox 1428 1640 1429 1688; x_wconf 38' lang='lat' dir='ltr'><strong>p</strong></span> 
     </span>
     <span class='ocr_line' id='line_1_17' title="bbox 261 1682 1069 1783; baseline -0.005 -31"><span class='ocrx_word' id='word_1_109' title='bbox 261 1707 323 1752; x_wconf 77' lang='lat' dir='ltr'><strong>rrr.</strong></span> <span class='ocrx_word' id='word_1_110' title='bbox 346 1685 468 1750; x_wconf 90' lang='lat' dir='ltr'><strong>Multos</strong></span> <span class='ocrx_word' id='word_1_111' title='bbox 482 1705 645 1768; x_wconf 87' lang='lat' dir='ltr'><strong>pauperes,</strong></span> <span class='ocrx_word' id='word_1_112' title='bbox 661 1683 714 1746; x_wconf 87' lang='lat' dir='ltr'><strong>sed</strong></span> <span class='ocrx_word' id='word_1_113' title='bbox 730 1684 783 1783; x_wconf 81' lang='lat' dir='ltr'><strong>qui</strong></span> <span class='ocrx_word' id='word_1_114' title='bbox 799 1703 943 1746; x_wconf 81' lang='lat' dir='ltr'><strong>sermone</strong></span> <span class='ocrx_word' id='word_1_115' title='bbox 956 1682 1069 1748; x_wconf 78' lang='lat' dir='ltr'><strong>divites</strong></span> 
     </span>
    </p>

    <p class='ocr_par' dir='ltr' id='par_1_14' title="bbox 347 1768 1001 1845">
     <span class='ocr_line' id='line_1_18' title="bbox 347 1768 1001 1845; baseline -0.003 -11"><span class='ocrx_word' id='word_1_116' title='bbox 347 1772 502 1835; x_wconf 87' lang='lat' dir='ltr'><strong>Videntur</strong></span> <span class='ocrx_word' id='word_1_117' title='bbox 516 1793 593 1844; x_wconf 85' lang='lat' dir='ltr'><strong>esse,</strong></span> <span class='ocrx_word' id='word_1_118' title='bbox 609 1769 790 1834; x_wconf 76' lang='lat' dir='ltr'><strong>auxiliarios</strong></span> <span class='ocrx_word' id='word_1_119' title='bbox 804 1768 901 1832; x_wconf 91' lang='lat' dir='ltr'><strong>habet</strong></span> <span class='ocrx_word' id='word_1_120' title='bbox 919 1770 1001 1845; x_wconf 81' lang='lat' dir='ltr'><strong>Rex,</strong></span> 
     </span>
    </p>

    <p class='ocr_par' dir='ltr' id='par_1_15' title="bbox 348 1853 1266 1939">
     <span class='ocr_line' id='line_1_19' title="bbox 348 1853 1266 1939; baseline 0.001 -18"><span class='ocrx_word' id='word_1_121' title='bbox 348 1857 415 1934; x_wconf 89' lang='lat' dir='ltr'><strong>Qui</strong></span> <span class='ocrx_word' id='word_1_122' title='bbox 429 1855 612 1921; x_wconf 84' lang='lat' dir='ltr'><strong>seditionem</strong></span> <span class='ocrx_word' id='word_1_123' title='bbox 628 1859 827 1920; x_wconf 85' lang='lat' dir='ltr'><strong>concitarunt</strong></span> <span class='ocrx_word' id='word_1_124' title='bbox 840 1865 873 1919; x_wconf 91' lang='lat' dir='ltr'><strong>et</strong></span> <span class='ocrx_word' id='word_1_125' title='bbox 886 1853 1092 1939; x_wconf 87' lang='lat' dir='ltr'><strong>perdiderunt</strong></span> <span class='ocrx_word' id='word_1_126' title='bbox 1105 1855 1266 1922; x_wconf 78' lang='lat' dir='ltr'><strong>civitatem</strong></span> 
     </span>
    </p>

    <p class='ocr_par' dir='ltr' id='par_1_16' title="bbox 350 1939 1327 2028">
     <span class='ocr_line' id='line_1_20' title="bbox 350 1939 1327 2028; baseline 0 -20"><span class='ocrx_word' id='word_1_127' title='bbox 350 1944 484 2028; x_wconf 83' lang='lat' dir='ltr'><strong>Propter</strong></span> <span class='ocrx_word' id='word_1_128' title='bbox 498 1946 624 2027; x_wconf 84' lang='lat' dir='ltr'><strong>rupinas</strong></span> <span class='ocrx_word' id='word_1_129' title='bbox 637 1942 869 2025; x_wconf 84' lang='lat' dir='ltr'><strong>proximorum,</strong></span> <span class='ocrx_word' id='word_1_130' title='bbox 885 1963 934 2004; x_wconf 88' lang='lat' dir='ltr'><strong>res</strong></span> <span class='ocrx_word' id='word_1_131' title='bbox 948 1941 1031 2003; x_wconf 91' lang='lat' dir='ltr'><strong>cuirn</strong></span> <span class='ocrx_word' id='word_1_132' title='bbox 1046 1939 1210 2006; x_wconf 69' lang='lat' dir='ltr'><strong>familiaris</strong></span> <span class='ocrx_word' id='word_1_133' title='bbox 1222 1965 1327 2008; x_wconf 67' lang='lat' dir='ltr'><strong>curn</strong></span> 
     </span>
    </p>

    <p class='ocr_par' dir='ltr' id='par_1_17' title="bbox 302 2025 1357 2286">
     <span class='ocr_line' id='line_1_21' title="bbox 302 2025 1139 2114; baseline -0.005 -21"><span class='ocrx_word' id='word_1_134' title='bbox 302 2063 307 2074; x_wconf 89' lang='lat'><strong>·</strong></span> <span class='ocrx_word' id='word_1_135' title='bbox 349 2029 534 2114; x_wconf 90' lang='lat' dir='ltr'><strong>Sumptibus</strong></span> <span class='ocrx_word' id='word_1_136' title='bbox 548 2028 674 2112; x_wconf 81' lang='lat' dir='ltr'><strong>profusa</strong></span> <span class='ocrx_word' id='word_1_137' title='bbox 689 2043 745 2104; x_wconf 91' lang='lat' dir='ltr'><strong>est,</strong></span> <span class='ocrx_word' id='word_1_138' title='bbox 761 2026 952 2114; x_wconf 81' lang='lat' dir='ltr'><strong>negligentia</strong></span> <span class='ocrx_word' id='word_1_139' title='bbox 964 2025 1139 2113; x_wconf 77' lang='lat' dir='ltr'><strong>aufugiens.</strong></span> 
     </span>
     <span class='ocr_line' id='line_1_22' title="bbox 350 2111 1357 2200; baseline 0.003 -21"><span class='ocrx_word' id='word_1_140' title='bbox 350 2116 545 2200; x_wconf 77' lang='lat' dir='ltr'><strong>Conspectus</strong></span> <span class='ocrx_word' id='word_1_141' title='bbox 566 2135 600 2178; x_wconf 90' lang='lat' dir='ltr'><strong>es</strong></span> <span class='ocrx_word' id='word_1_142' title='bbox 621 2114 773 2178; x_wconf 86' lang='lat' dir='ltr'><strong>accedens</strong></span> <span class='ocrx_word' id='word_1_143' title='bbox 794 2112 836 2178; x_wconf 84' lang='lat' dir='ltr'><strong>ad</strong></span> <span class='ocrx_word' id='word_1_144' title='bbox 850 2111 979 2177; x_wconf 85' lang='lat' dir='ltr'><strong>urbem:</strong></span> <span class='ocrx_word' id='word_1_145' title='bbox 1002 2125 1169 2200; x_wconf 78' lang='lat' dir='ltr'><strong>postquam</strong></span> <span class='ocrx_word' id='word_1_146' title='bbox 1184 2137 1263 2180; x_wconf 81' lang='lat' dir='ltr'><strong>reru</strong></span> <span class='ocrx_word' id='word_1_147' title='bbox 1276 2137 1357 2182; x_wconf 81' lang='lat' dir='ltr'><strong>cun-</strong></span> 
     </span>
     <span class='ocr_line' id='line_1_23' title="bbox 433 2200 710 2286; baseline -0.007 -22"><span class='ocrx_word' id='word_1_148' title='bbox 433 2214 557 2286; x_wconf 80' lang='lat' dir='ltr'><strong>spectus</strong></span> <span class='ocrx_word' id='word_1_149' title='bbox 570 2223 614 2276; x_wconf 85' lang='lat' dir='ltr'><strong>es,</strong></span> <span class='ocrx_word' id='word_1_150' title='bbox 629 2200 710 2277; x_wconf 87' lang='lat' dir='ltr'><strong>vide,</strong></span> 
     </span>
    </p>

    <p class='ocr_par' dir='ltr' id='par_1_18' title="bbox 264 2287 1436 2630">
     <span class='ocr_line' id='line_1_24' title="bbox 351 2287 1338 2387; baseline 0 -35"><span class='ocrx_word' id='word_1_151' title='bbox 351 2288 400 2352; x_wconf 89' lang='lat' dir='ltr'><strong>Ne</strong></span> <span class='ocrx_word' id='word_1_152' title='bbox 413 2288 611 2387; x_wconf 77' lang='lat' dir='ltr'><strong>congregetis</strong></span> <span class='ocrx_word' id='word_1_153' title='bbox 625 2287 769 2362; x_wconf 88' lang='lat' dir='ltr'><strong>inimicis,</strong></span> <span class='ocrx_word' id='word_1_154' title='bbox 784 2300 900 2371; x_wconf 85' lang='lat' dir='ltr'><strong>proeter</strong></span> <span class='ocrx_word' id='word_1_155' title='bbox 913 2287 1094 2370; x_wconf 87' lang='lat' dir='ltr'><strong>opinionem</strong></span> <span class='ocrx_word' id='word_1_156' title='bbox 1109 2299 1196 2352; x_wconf 85' lang='lat' dir='ltr'><strong>tuam</strong></span> <span class='ocrx_word' id='word_1_157' title='bbox 1212 2311 1338 2374; x_wconf 80' lang='lat' dir='ltr'><strong>pereas.</strong></span> 
     </span>
     <span class='ocr_line' id='line_1_25' title="bbox 264 2373 1436 2448; baseline -0.001 -8"><span class='ocrx_word' id='word_1_158' title='bbox 264 2373 421 2440; x_wconf 70' lang='lat' dir='ltr'><strong>ucmNon</strong></span> <span class='ocrx_word' id='word_1_159' title='bbox 438 2390 484 2436; x_wconf 88' lang='lat' dir='ltr'><strong>est</strong></span> <span class='ocrx_word' id='word_1_160' title='bbox 497 2373 577 2436; x_wconf 78' lang='lat' dir='ltr'><strong>mihi</strong></span> <span class='ocrx_word' id='word_1_161' title='bbox 590 2393 686 2448; x_wconf 84' lang='lat' dir='ltr'><strong>curte,</strong></span> <span class='ocrx_word' id='word_1_162' title='bbox 703 2373 823 2437; x_wconf 74' lang='lat' dir='ltr'><strong>etiamsi</strong></span> <span class='ocrx_word' id='word_1_163' title='bbox 839 2386 906 2436; x_wconf 87' lang='lat' dir='ltr'><strong>tota</strong></span> <span class='ocrx_word' id='word_1_164' title='bbox 919 2395 969 2435; x_wconf 90' lang='lat' dir='ltr'><strong>rue</strong></span> <span class='ocrx_word' id='word_1_165' title='bbox 982 2373 1091 2436; x_wconf 82' lang='lat' dir='ltr'><strong>civitas</strong></span> <span class='ocrx_word' id='word_1_166' title='bbox 1106 2374 1239 2438; x_wconf 77' lang='lat' dir='ltr'><strong>viderit:</strong></span> <span class='ocrx_word' id='word_1_167' title='bbox 1435 2406 1436 2444; x_wconf 66' lang='lat' dir='ltr'><strong>t</strong></span> 
     </span>
     <span class='ocr_line' id='line_1_26' title="bbox 351 2459 1354 2546; baseline 0.002 -22"><span class='ocrx_word' id='word_1_168' title='bbox 351 2459 559 2544; x_wconf 89' lang='lat' dir='ltr'><strong>Conspicatus</strong></span> <span class='ocrx_word' id='word_1_169' title='bbox 574 2475 679 2523; x_wconf 83' lang='lat' dir='ltr'><strong>nutem</strong></span> <span class='ocrx_word' id='word_1_170' title='bbox 690 2479 779 2522; x_wconf 86' lang='lat' dir='ltr'><strong>nvem</strong></span> <span class='ocrx_word' id='word_1_171' title='bbox 789 2461 947 2544; x_wconf 82' lang='lat' dir='ltr'><strong>quandem</strong></span> <span class='ocrx_word' id='word_1_172' title='bbox 958 2461 990 2522; x_wconf 91' lang='lat' dir='ltr'><strong>iu</strong></span> <span class='ocrx_word' id='word_1_173' title='bbox 1002 2459 1129 2525; x_wconf 87' lang='lat' dir='ltr'><strong>sedibus</strong></span> <span class='ocrx_word' id='word_1_174' title='bbox 1139 2461 1354 2546; x_wconf 75' lang='lat' dir='ltr'><strong>inauspicatis,</strong></span> 
     </span>
     <span class='ocr_line' id='line_1_27' title="bbox 352 2543 1351 2630; baseline 0.004 -22"><span class='ocrx_word' id='word_1_175' title='bbox 352 2544 494 2609; x_wconf 81' lang='lat' dir='ltr'><strong>Intellexi</strong></span> <span class='ocrx_word' id='word_1_176' title='bbox 509 2543 642 2630; x_wconf 81' lang='lat' dir='ltr'><strong>aliquam</strong></span> <span class='ocrx_word' id='word_1_177' title='bbox 658 2544 865 2608; x_wconf 73' lang='lat' dir='ltr'><strong>calamitatem</strong></span> <span class='ocrx_word' id='word_1_178' title='bbox 882 2545 1026 2608; x_wconf 85' lang='lat' dir='ltr'><strong>incidisse</strong></span> <span class='ocrx_word' id='word_1_179' title='bbox 1039 2545 1071 2608; x_wconf 92' lang='lat' dir='ltr'><strong>in</strong></span> <span class='ocrx_word' id='word_1_180' title='bbox 1087 2545 1239 2612; x_wconf 83' lang='lat' dir='ltr'><strong>domum:</strong></span> <span class='ocrx_word' id='word_1_181' title='bbox 1289 2557 1351 2614; x_wconf 74' lang='lat' dir='ltr'><strong>est</strong></span> 
     </span>
    </p>

    <p class='ocr_par' dir='ltr' id='par_1_19' title="bbox 266 2629 1358 3583">
     <span class='ocr_line' id='line_1_28' title="bbox 351 2629 1177 2717; baseline 0 -21"><span class='ocrx_word' id='word_1_182' title='bbox 351 2631 462 2717; x_wconf 78' lang='lat' dir='ltr'><strong>ltaque</strong></span> <span class='ocrx_word' id='word_1_183' title='bbox 476 2631 516 2694; x_wconf 93' lang='lat' dir='ltr'><strong>de</strong></span> <span class='ocrx_word' id='word_1_184' title='bbox 531 2631 684 2695; x_wconf 81' lang='lat' dir='ltr'><strong>industria</strong></span> <span class='ocrx_word' id='word_1_185' title='bbox 699 2629 779 2693; x_wconf 84' lang='lat' dir='ltr'><strong>clam</strong></span> <span class='ocrx_word' id='word_1_186' title='bbox 794 2631 951 2714; x_wconf 89' lang='lat' dir='ltr'><strong>ingressus</strong></span> <span class='ocrx_word' id='word_1_187' title='bbox 965 2653 1034 2694; x_wconf 92' lang='lat' dir='ltr'><strong>sum</strong></span> <span class='ocrx_word' id='word_1_188' title='bbox 1048 2645 1177 2698; x_wconf 80' lang='lat' dir='ltr'><strong>terrem.</strong></span> 
     </span>
     <span class='ocr_line' id='line_1_29' title="bbox 266 2715 931 2794; baseline -0.003 -12"><span class='ocrx_word' id='word_1_189' title='bbox 266 2739 324 2782; x_wconf 74' lang='lat' dir='ltr'><strong>nur.</strong></span> <span class='ocrx_word' id='word_1_190' title='bbox 351 2718 449 2781; x_wconf 86' lang='lat' dir='ltr'><strong>Recte</strong></span> <span class='ocrx_word' id='word_1_191' title='bbox 463 2717 613 2781; x_wconf 87' lang='lat' dir='ltr'><strong>accedens</strong></span> <span class='ocrx_word' id='word_1_192' title='bbox 628 2739 713 2782; x_wconf 91' lang='lat' dir='ltr'><strong>nunc</strong></span> <span class='ocrx_word' id='word_1_193' title='bbox 727 2715 826 2780; x_wconf 86' lang='lat' dir='ltr'><strong>solutu</strong></span> <span class='ocrx_word' id='word_1_194' title='bbox 841 2715 931 2794; x_wconf 87' lang='lat' dir='ltr'><strong>lares,</strong></span> 
     </span>
     <span class='ocr_line' id='line_1_30' title="bbox 352 2802 1130 2887; baseline 0.004 -20"><span class='ocrx_word' id='word_1_195' title='bbox 352 2803 395 2868; x_wconf 90' lang='lat' dir='ltr'><strong>Et</strong></span> <span class='ocrx_word' id='word_1_196' title='bbox 409 2804 546 2887; x_wconf 88' lang='lat' dir='ltr'><strong>paternis</strong></span> <span class='ocrx_word' id='word_1_197' title='bbox 562 2803 635 2868; x_wconf 88' lang='lat' dir='ltr'><strong>Diis</strong></span> <span class='ocrx_word' id='word_1_198' title='bbox 649 2805 689 2866; x_wconf 87' lang='lat' dir='ltr'><strong>da</strong></span> <span class='ocrx_word' id='word_1_199' title='bbox 704 2815 793 2866; x_wconf 92' lang='lat' dir='ltr'><strong>tuum</strong></span> <span class='ocrx_word' id='word_1_200' title='bbox 809 2802 927 2868; x_wconf 87' lang='lat' dir='ltr'><strong>vultum</strong></span> <span class='ocrx_word' id='word_1_201' title='bbox 944 2817 978 2867; x_wconf 90' lang='lat' dir='ltr'><strong>ut</strong></span> <span class='ocrx_word' id='word_1_202' title='bbox 993 2803 1130 2870; x_wconf 73' lang='lat' dir='ltr'><strong>rideant.</strong></span> 
     </span>
     <span class='ocr_line' id='line_1_31' title="bbox 353 2889 1069 3038; baseline 0.001 -86"><span class='ocrx_word' id='word_1_203' title='bbox 353 2889 423 3038; x_wconf 70' lang='lat' dir='ltr'><strong>llpse</strong></span> <span class='ocrx_word' id='word_1_204' title='bbox 437 2889 519 2952; x_wconf 88' lang='lat' dir='ltr'><strong>enirn</strong></span> <span class='ocrx_word' id='word_1_205' title='bbox 536 2891 648 2962; x_wconf 87' lang='lat' dir='ltr'><strong>veniet,</strong></span> <span class='ocrx_word' id='word_1_206' title='bbox 664 2903 749 2952; x_wconf 92' lang='lat' dir='ltr'><strong>tuam</strong></span> <span class='ocrx_word' id='word_1_207' title='bbox 762 2909 894 2953; x_wconf 82' lang='lat' dir='ltr'><strong>uxorem</strong></span> <span class='ocrx_word' id='word_1_208' title='bbox 909 2903 941 2952; x_wconf 89' lang='lat' dir='ltr'><strong>ct</strong></span> <span class='ocrx_word' id='word_1_209' title='bbox 953 2889 1069 2954; x_wconf 88' lang='lat' dir='ltr'><strong>liberos</strong></span> 
     </span>
     <span class='ocr_line' id='line_1_32' title="bbox 385 2975 1275 3056; baseline 0.01 -20"><span class='ocrx_word' id='word_1_210' title='bbox 385 2989 538 3052; x_wconf 83' lang='lat' dir='ltr'><strong>recturus,</strong></span> <span class='ocrx_word' id='word_1_211' title='bbox 554 2975 783 3050; x_wconf 86' lang='lat' dir='ltr'><strong>interfecturus,</strong></span> <span class='ocrx_word' id='word_1_212' title='bbox 798 2991 830 3038; x_wconf 88' lang='lat' dir='ltr'><strong>et</strong></span> <span class='ocrx_word' id='word_1_213' title='bbox 847 2997 896 3038; x_wconf 88' lang='lat' dir='ltr'><strong>rnc</strong></span> <span class='ocrx_word' id='word_1_214' title='bbox 912 2997 975 3040; x_wconf 85' lang='lat' dir='ltr'><strong>una</strong></span> <span class='ocrx_word' id='word_1_215' title='bbox 991 2989 1193 3056; x_wconf 71' lang='lat' dir='ltr'><strong>mactatum,</strong></span> <span class='ocrx_word' id='word_1_216' title='bbox 1209 3001 1275 3045; x_wconf 80' lang='lat' dir='ltr'><strong>rex.</strong></span> 
     </span>
     <span class='ocr_line' id='line_1_33' title="bbox 356 3061 1039 3138; baseline 0 -14"><span class='ocrx_word' id='word_1_217' title='bbox 356 3061 501 3125; x_wconf 87' lang='lat' dir='ltr'><strong>Maneuti</strong></span> <span class='ocrx_word' id='word_1_218' title='bbox 516 3083 590 3124; x_wconf 88' lang='lat' dir='ltr'><strong>vero</strong></span> <span class='ocrx_word' id='word_1_219' title='bbox 603 3061 655 3124; x_wconf 91' lang='lat' dir='ltr'><strong>hic</strong></span> <span class='ocrx_word' id='word_1_220' title='bbox 669 3061 776 3125; x_wconf 86' lang='lat' dir='ltr'><strong>omnia</strong></span> <span class='ocrx_word' id='word_1_221' title='bbox 791 3061 848 3124; x_wconf 90' lang='lat' dir='ltr'><strong>tibi</strong></span> <span class='ocrx_word' id='word_1_222' title='bbox 861 3061 1039 3138; x_wconf 87' lang='lat' dir='ltr'><strong>suecedent,</strong></span> 
     </span>
     <span class='ocr_line' id='line_1_34' title="bbox 356 3144 1096 3222; baseline 0.003 -12"><span class='ocrx_word' id='word_1_223' title='bbox 356 3146 398 3210; x_wconf 89' lang='lat' dir='ltr'><strong>Et</strong></span> <span class='ocrx_word' id='word_1_224' title='bbox 412 3144 586 3211; x_wconf 80' lang='lat' dir='ltr'><strong>lucrifacies</strong></span> <span class='ocrx_word' id='word_1_225' title='bbox 599 3148 815 3222; x_wconf 70' lang='lat' dir='ltr'><strong>securitatem</strong></span> <span class='ocrx_word' id='word_1_226' title='bbox 838 3159 870 3210; x_wconf 88' lang='lat' dir='ltr'><strong>ct</strong></span> <span class='ocrx_word' id='word_1_227' title='bbox 885 3147 994 3211; x_wconf 90' lang='lat' dir='ltr'><strong>urbem</strong></span> <span class='ocrx_word' id='word_1_228' title='bbox 1009 3159 1096 3212; x_wconf 75' lang='lat' dir='ltr'><strong>tunm</strong></span> 
     </span>
     <span class='ocr_line' id='line_1_35' title="bbox 355 3231 1329 3317; baseline 0.006 -20"><span class='ocrx_word' id='word_1_229' title='bbox 355 3233 428 3297; x_wconf 87' lang='lat' dir='ltr'><strong>Non</strong></span> <span class='ocrx_word' id='word_1_230' title='bbox 446 3235 532 3316; x_wconf 89' lang='lat' dir='ltr'><strong>prius</strong></span> <span class='ocrx_word' id='word_1_231' title='bbox 547 3232 733 3309; x_wconf 82' lang='lat' dir='ltr'><strong>turbareris,</strong></span> <span class='ocrx_word' id='word_1_232' title='bbox 749 3255 843 3317; x_wconf 81' lang='lat' dir='ltr'><strong>quem</strong></span> <span class='ocrx_word' id='word_1_233' title='bbox 859 3231 920 3296; x_wconf 93' lang='lat' dir='ltr'><strong>hoc</strong></span> <span class='ocrx_word' id='word_1_234' title='bbox 935 3234 1014 3298; x_wconf 90' lang='lat' dir='ltr'><strong>bcne</strong></span> <span class='ocrx_word' id='word_1_235' title='bbox 1027 3233 1210 3314; x_wconf 78' lang='lat' dir='ltr'><strong>coniecerit,</strong></span> <span class='ocrx_word' id='word_1_236' title='bbox 1226 3237 1260 3302; x_wconf 93' lang='grc' dir='ltr'>Ο</span> <span class='ocrx_word' id='word_1_237' title='bbox 1273 3237 1329 3302; x_wconf 74' lang='lat' dir='ltr'><strong>fili.</strong></span> 
     </span>
     <span class='ocr_line' id='line_1_36' title="bbox 270 3317 1358 3394; baseline 0.009 -12"><span class='ocrx_word' id='word_1_238' title='bbox 270 3319 483 3382; x_wconf 59' lang='lat' dir='ltr'><strong>eserniam</strong></span> <span class='ocrx_word' id='word_1_239' title='bbox 499 3319 558 3383; x_wconf 85' lang='lat' dir='ltr'><strong>ista</strong></span> <span class='ocrx_word' id='word_1_240' title='bbox 567 3343 577 3394; x_wconf 83' lang='lat'><em>3</em></span> <span class='ocrx_word' id='word_1_241' title='bbox 598 3333 684 3383; x_wconf 89' lang='lat' dir='ltr'><strong>recte</strong></span> <span class='ocrx_word' id='word_1_242' title='bbox 698 3321 782 3382; x_wconf 86' lang='lat' dir='ltr'><strong>enim</strong></span> <span class='ocrx_word' id='word_1_243' title='bbox 798 3319 924 3382; x_wconf 85' lang='lat' dir='ltr'><strong>dixisti:</strong></span> <span class='ocrx_word' id='word_1_244' title='bbox 946 3317 1028 3384; x_wconf 81' lang='lat' dir='ltr'><strong>vado</strong></span> <span class='ocrx_word' id='word_1_245' title='bbox 1042 3322 1126 3386; x_wconf 82' lang='lat' dir='ltr'><strong>intra</strong></span> <span class='ocrx_word' id='word_1_246' title='bbox 1139 3321 1358 3392; x_wconf 69' lang='lat' dir='ltr'><strong>domnandoe</strong></span> 
     </span>
     <span class='ocr_line' id='line_1_37' title="bbox 355 3404 1290 3476; baseline 0.01 -8"><span class='ocrx_word' id='word_1_247' title='bbox 355 3404 500 3468; x_wconf 86' lang='lat' dir='ltr'><strong>Tandem</strong></span> <span class='ocrx_word' id='word_1_248' title='bbox 516 3420 619 3468; x_wconf 88' lang='lat' dir='ltr'><strong>autem</strong></span> <span class='ocrx_word' id='word_1_249' title='bbox 635 3425 776 3469; x_wconf 82' lang='lat' dir='ltr'><strong>reversus</strong></span> <span class='ocrx_word' id='word_1_250' title='bbox 789 3427 830 3468; x_wconf 82' lang='lat' dir='ltr'><strong>ex</strong></span> <span class='ocrx_word' id='word_1_251' title='bbox 847 3405 1103 3472; x_wconf 82' lang='lat' dir='ltr'><strong>sole-carentibus</strong></span> <span class='ocrx_word' id='word_1_252' title='bbox 1118 3410 1290 3476; x_wconf 69' lang='lat' dir='ltr'><strong>mosibo·</strong></span> 
     </span>
     <span class='ocr_line' id='line_1_38' title="bbox 357 3489 1262 3583; baseline 0.009 -29"><span class='ocrx_word' id='word_1_253' title='bbox 357 3489 501 3554; x_wconf 90' lang='lat' dir='ltr'><strong>Plutonis</strong></span> <span class='ocrx_word' id='word_1_254' title='bbox 514 3509 638 3574; x_wconf 83' lang='lat' dir='ltr'><strong>sponsae</strong></span> <span class='ocrx_word' id='word_1_255' title='bbox 652 3491 712 3556; x_wconf 91' lang='lat' dir='ltr'><strong>sub</strong></span> <span class='ocrx_word' id='word_1_256' title='bbox 727 3505 809 3555; x_wconf 80' lang='lat' dir='ltr'><strong>terre</strong></span> <span class='ocrx_word' id='word_1_257' title='bbox 823 3493 968 3578; x_wconf 74' lang='lat' dir='ltr'><strong>elegeritis,</strong></span> <span class='ocrx_word' id='word_1_258' title='bbox 983 3513 1047 3556; x_wconf 88' lang='lat' dir='ltr'><strong>uon</strong></span> <span class='ocrx_word' id='word_1_259' title='bbox 1062 3493 1262 3583; x_wconf 74' lang='lat' dir='ltr'><strong>dedignabor</strong></span> 
     </span>
    </p>
   </div>
   <div class='ocr_carea' id='block_1_3' title="bbox 270 3575 1361 4353">
    <p class='ocr_par' dir='ltr' id='par_1_20' title="bbox 270 3575 1361 4353">
     <span class='ocr_line' id='line_1_39' title="bbox 357 3575 950 3642; baseline 0.003 -2"><span class='ocrx_word' id='word_1_260' title='bbox 357 3576 499 3640; x_wconf 87' lang='lat' dir='ltr'><strong>Primum</strong></span> <span class='ocrx_word' id='word_1_261' title='bbox 514 3577 589 3641; x_wconf 90' lang='lat' dir='ltr'><strong>deos</strong></span> <span class='ocrx_word' id='word_1_262' title='bbox 603 3575 790 3642; x_wconf 87' lang='lat' dir='ltr'><strong>domesticos</strong></span> <span class='ocrx_word' id='word_1_263' title='bbox 804 3576 950 3642; x_wconf 84' lang='lat' dir='ltr'><strong>salutare.</strong></span> 
     </span>
     <span class='ocr_line' id='line_1_40' title="bbox 270 3663 1263 3750; baseline 0.008 -24"><span class='ocrx_word' id='word_1_264' title='bbox 270 3681 331 3726; x_wconf 79' lang='lat' dir='ltr'><strong>nir.</strong></span> <span class='ocrx_word' id='word_1_265' title='bbox 356 3663 476 3728; x_wconf 89' lang='lat' dir='ltr'><strong>Verene</strong></span> <span class='ocrx_word' id='word_1_266' title='bbox 490 3663 587 3750; x_wconf 80' lang='lat' dir='ltr'><strong>igitur</strong></span> <span class='ocrx_word' id='word_1_267' title='bbox 600 3663 785 3727; x_wconf 83' lang='lat' dir='ltr'><strong>descendisti</strong></span> <span class='ocrx_word' id='word_1_268' title='bbox 800 3663 833 3727; x_wconf 94' lang='lat' dir='ltr'><strong>in</strong></span> <span class='ocrx_word' id='word_1_269' title='bbox 847 3663 959 3728; x_wconf 89' lang='lat' dir='ltr'><strong>domos</strong></span> <span class='ocrx_word' id='word_1_270' title='bbox 975 3665 1129 3742; x_wconf 88' lang='lat' dir='ltr'><strong>Plutonis,</strong></span> <span class='ocrx_word' id='word_1_271' title='bbox 1144 3666 1180 3732; x_wconf 88' lang='lat'>0</span> <span class='ocrx_word' id='word_1_272' title='bbox 1193 3665 1263 3734; x_wconf 84' lang='lat' dir='ltr'><strong>fili?</strong></span> 
     </span>
     <span class='ocr_line' id='line_1_41' title="bbox 272 3748 1165 3834; baseline 0.004 -22"><span class='ocrx_word' id='word_1_273' title='bbox 272 3748 539 3825; x_wconf 72' lang='lat' dir='ltr'><strong>nanuinetinm</strong></span> <span class='ocrx_word' id='word_1_274' title='bbox 557 3749 693 3813; x_wconf 84' lang='lat' dir='ltr'><strong>bellunm</strong></span> <span class='ocrx_word' id='word_1_275' title='bbox 708 3751 875 3834; x_wconf 89' lang='lat' dir='ltr'><strong>tricipitem</strong></span> <span class='ocrx_word' id='word_1_276' title='bbox 891 3751 924 3813; x_wconf 89' lang='lat' dir='ltr'><strong>in</strong></span> <span class='ocrx_word' id='word_1_277' title='bbox 939 3749 1041 3816; x_wconf 87' lang='lat' dir='ltr'><strong>lucem</strong></span> <span class='ocrx_word' id='word_1_278' title='bbox 1055 3751 1165 3818; x_wconf 87' lang='lat' dir='ltr'><strong>eduxi.</strong></span> 
     </span>
     <span class='ocr_line' id='line_1_42' title="bbox 270 3835 912 3920; baseline 0.005 -23"><span class='ocrx_word' id='word_1_279' title='bbox 270 3855 330 3898; x_wconf 80' lang='lat' dir='ltr'><strong>su.</strong></span> <span class='ocrx_word' id='word_1_280' title='bbox 356 3835 465 3920; x_wconf 81' lang='lat' dir='ltr'><strong>Pugna</strong></span> <span class='ocrx_word' id='word_1_281' title='bbox 479 3837 604 3913; x_wconf 82' lang='lat' dir='ltr'><strong>victam,</strong></span> <span class='ocrx_word' id='word_1_282' title='bbox 619 3857 659 3900; x_wconf 87' lang='lat' dir='ltr'><strong>un</strong></span> <span class='ocrx_word' id='word_1_283' title='bbox 674 3855 805 3900; x_wconf 90' lang='lat' dir='ltr'><strong>munere</strong></span> <span class='ocrx_word' id='word_1_284' title='bbox 817 3835 912 3900; x_wconf 60' lang='lat' dir='ltr'><strong>dm?</strong></span> 
     </span>
     <span class='ocr_line' id='line_1_43' title="bbox 271 3919 1361 4010; baseline 0.011 -26"><span class='ocrx_word' id='word_1_285' title='bbox 271 3919 486 4008; x_wconf 70' lang='lat' dir='ltr'><strong>usaPugna:</strong></span> <span class='ocrx_word' id='word_1_286' title='bbox 507 3920 802 3986; x_wconf 82' lang='lat' dir='ltr'><strong>fortunatuseutem</strong></span> <span class='ocrx_word' id='word_1_287' title='bbox 818 3924 932 4010; x_wconf 82' lang='lat' dir='ltr'><strong>iniqui</strong></span> <span class='ocrx_word' id='word_1_288' title='bbox 948 3921 1080 3989; x_wconf 83' lang='lat' dir='ltr'><strong>viderim</strong></span> <span class='ocrx_word' id='word_1_289' title='bbox 1097 3947 1191 3992; x_wconf 72' lang='lat' dir='ltr'><strong>sacru</strong></span> <span class='ocrx_word' id='word_1_290' title='bbox 1210 3929 1361 3996; x_wconf 67' lang='lat' dir='ltr'><strong>sacedo-</strong></span> 
     </span>
     <span class='ocr_line' id='line_1_44' title="bbox 440 4021 518 4072; baseline -0.013 -1"><span class='ocrx_word' id='word_1_291' title='bbox 440 4021 518 4072; x_wconf 81' lang='lat' dir='ltr'><strong>tum·</strong></span> 
     </span>
     <span class='ocr_line' id='line_1_45' title="bbox 272 4091 1052 4181; baseline 0.006 -26"><span class='ocrx_word' id='word_1_292' title='bbox 272 4111 330 4156; x_wconf 77' lang='lat' dir='ltr'><strong>su.</strong></span> <span class='ocrx_word' id='word_1_293' title='bbox 356 4091 453 4156; x_wconf 84' lang='lat' dir='ltr'><strong>Estne</strong></span> <span class='ocrx_word' id='word_1_294' title='bbox 469 4095 500 4157; x_wconf 92' lang='lat' dir='ltr'><strong>in</strong></span> <span class='ocrx_word' id='word_1_295' title='bbox 516 4093 638 4158; x_wconf 78' lang='lat' dir='ltr'><strong>aedibus</strong></span> <span class='ocrx_word' id='word_1_296' title='bbox 654 4095 823 4181; x_wconf 86' lang='lat' dir='ltr'><strong>Eurysthei</strong></span> <span class='ocrx_word' id='word_1_297' title='bbox 838 4097 908 4160; x_wconf 79' lang='lat' dir='ltr'><strong>haec</strong></span> <span class='ocrx_word' id='word_1_298' title='bbox 922 4095 1052 4162; x_wconf 84' lang='lat' dir='ltr'><strong>bellus?</strong></span> 
     </span>
     <span class='ocr_line' id='line_1_46' title="bbox 272 4179 1251 4269; baseline 0.012 -27"><span class='ocrx_word' id='word_1_299' title='bbox 272 4179 475 4244; x_wconf 73' lang='lat' dir='ltr'><strong>uanemus</strong></span> <span class='ocrx_word' id='word_1_300' title='bbox 491 4179 671 4259; x_wconf 85' lang='lat' dir='ltr'><strong>Chthoniae,</strong></span> <span class='ocrx_word' id='word_1_301' title='bbox 686 4194 718 4247; x_wconf 90' lang='lat' dir='ltr'><strong>et</strong></span> <span class='ocrx_word' id='word_1_302' title='bbox 730 4181 839 4246; x_wconf 83' lang='lat' dir='ltr'><strong>civitas</strong></span> <span class='ocrx_word' id='word_1_303' title='bbox 855 4181 1013 4248; x_wconf 86' lang='lat' dir='ltr'><strong>Hermiou</strong></span> <span class='ocrx_word' id='word_1_304' title='bbox 1027 4183 1126 4269; x_wconf 78' lang='lat' dir='ltr'><strong>ipsam</strong></span> <span class='ocrx_word' id='word_1_305' title='bbox 1141 4185 1251 4254; x_wconf 65' lang='lat' dir='ltr'><strong>hbet.</strong></span> 
     </span>
     <span class='ocr_line' id='line_1_47' title="bbox 272 4266 1359 4353; baseline 0.01 -25"><span class='ocrx_word' id='word_1_306' title='bbox 272 4283 332 4328; x_wconf 80' lang='lat' dir='ltr'><strong>nir.</strong></span> <span class='ocrx_word' id='word_1_307' title='bbox 357 4266 406 4330; x_wconf 82' lang='lat' dir='ltr'><strong>An</strong></span> <span class='ocrx_word' id='word_1_308' title='bbox 422 4287 486 4330; x_wconf 90' lang='lat' dir='ltr'><strong>non</strong></span> <span class='ocrx_word' id='word_1_309' title='bbox 501 4269 559 4332; x_wconf 89' lang='lat' dir='ltr'><strong>scit</strong></span> <span class='ocrx_word' id='word_1_310' title='bbox 576 4267 772 4353; x_wconf 81' lang='lat' dir='ltr'><strong>Eurystheus</strong></span> <span class='ocrx_word' id='word_1_311' title='bbox 786 4283 817 4334; x_wconf 88' lang='lat' dir='ltr'><strong>te</strong></span> <span class='ocrx_word' id='word_1_312' title='bbox 832 4269 959 4336; x_wconf 82' lang='lat' dir='ltr'><strong>rediisse</strong></span> <span class='ocrx_word' id='word_1_313' title='bbox 973 4269 1165 4338; x_wconf 78' lang='lat' dir='ltr'><strong>interram?</strong></span> <span class='ocrx_word' id='word_1_314' title='bbox 1291 4281 1359 4340; x_wconf 79' lang='grc'><strong>610</strong></span> 
     </span>
    </p>
   </div>
   <div class='ocr_carea' id='block_1_4' title="bbox 0 0 1467 4856">
    <p class='ocr_par' dir='ltr' id='par_1_21' title="bbox 0 0 1467 4856">
     <span class='ocr_line' id='line_1_48' title="bbox 0 0 1467 4856; baseline 0 0"><span class='ocrx_word' id='word_1_315' title='bbox 0 0 1467 4856; x_wconf 95' lang='lat' dir='ltr'><strong> </strong></span> 
     </span>
    </p>
   </div>
  </div>
 </body>
</html>
