2824 4860
496 185 760 258 HECUBA.
1125 203 1167 264 fl!

170 365 340 452 Polyxenoe
354 361 457 440 differ,
469 365 701 450 Agcmeumon,
715 363 919 447 sepulturum,
990 415 993 420 .

168 451 215 524 Ut
228 450 281 516 isti
295 449 361 514 duo
373 448 471 514 irater
484 463 516 514 et
530 471 630 527 soror,
646 471 747 536 prope
761 452 792 516 in
810 453 1025 530 nuntiarum,

167 538 299 624 Duplex
314 557 456 602 erumna
470 536 591 617 metris,
604 536 802 604 occultentur
814 552 909 603 terre.
1104 549 1167 606 880

87 647 158 692 uun.
168 624 274 690 Erunt
286 621 356 687 haec
369 623 431 687 ric:
455 622 572 686 etenim
587 622 613 687 si
628 638 707 688 emet
717 625 868 689 exercitui
982 673 986 680 .

166 709 348 794 Navigatio,
363 730 429 773 nou
443 709 614 794 potuissem
629 708 712 774 hunc
723 710 780 774 tibi
795 726 946 792 prrertnre
1018 713 1109 789 tiem3

166 799 262 863 Nunc
276 815 459 860 verm-non
475 796 560 859 euim
574 795 672 861 mittit
684 795 839 862 secundos
852 798 944 862 flatus
1009 821 1090 862 ur·-

166 883 495 959 Munereneceseeest,
502 881 737 969 navigationem
746 895 945 968 expectantes
952 883 1166 971 tranquillum.

165 969 299 1035 Eveniat
314 979 419 1032 autem
430 967 577 1044 solicitam
594 968 847 1035 Omnibur'enim
858 984 1082 1038 ertcommune
1092 971 1165 1051 hoc,

165 1056 208 1121 Et
227 1053 430 1156 peculiariter
452 1054 632 1141 unicuique,
656 1068 688 1120 et
709 1055 792 1133 urbi,
818 1057 936 1122 malum
959 1058 1087 1143 quidem
1108 1057 1167 1123 ho·

248 1161 368 1206 munem

163 1229 289 1294 Melum
305 1225 426 1312 aliquid
440 1226 519 1311 pati,
536 1225 655 1292 bonum
671 1248 747 1292 vero
760 1228 892 1294 feliciter
905 1250 1008 1317 egere.
1159 1279 1163 1292 .

85 1335 157 1380 cuo.
165 1315 219 1380 Tu
234 1313 375 1400 quidem,
390 1310 423 1377 O
436 1314 540 1398 patrie
554 1313 662 1390 lliuee,
1039 1316 1105 1398 (etr.
1124 1317 1166 1396 1.)

164 1401 215 1466 Ex
228 1399 364 1465 urbibus
378 1398 478 1484 inexp
546 1399 682 1464 abilibur
696 1422 760 1465 non
777 1401 911 1486 amplius
925 1399 1057 1468 diceris:

163 1487 252 1552 Telis
269 1487 458 1552 Graecorum
473 1507 514 1550 ne
539 1485 592 1550 ula
606 1499 637 1552 te
650 1486 876 1553 circumfundit
1101 1497 1165 1554 890

163 1573 271 1638 Haste
285 1593 371 1648 sene,
383 1571 477 1660 ¹haste
491 1572 660 1657 populeus.

162 1660 327 1726 Coronam
340 1679 417 1722 vero
429 1657 562 1722 detonsa
575 1681 610 1724 es

160 1747 328 1822 Turrium,
344 1745 464 1809 circum
479 1765 553 1810 vcro
566 1742 708 1844 fuliginis

162 1832 328 1898 Maculam
344 1830 553 1895 miserrimum
569 1832 736 1917 denrgrete
750 1852 793 1906 er,

160 1919 294 1999 Misera,
309 1938 375 1982 non
390 1915 526 2001 emplius
538 1931 571 1983 te
583 1915 754 2006 ingrediar.
1144 1967 1147 1974 ,

161 2005 274 2070 Media
288 2016 382 2068 nocte
392 2001 483 2088 perii,
1025 2009 1102 2083 (unt.
1121 2006 1163 2086 l.)

162 2092 302 2169 Quando
316 2113 336 2154 a
350 2109 444 2154 coene
458 2106 587 2154 somnne
600 2089 703 2153 suavis
713 2090 747 2152 in
761 2088 869 2154 oculos
927 2143 931 2150 .

163 2178 342 2266 Spargitur,
356 2199 376 2242 a
390 2187 486 2240 centu
501 2196 576 2240 vero
590 2186 623 2238 et
636 2174 768 2240 laetificis

163 2263 324 2329 conviviis
338 2262 484 2326 desinens

162 2349 301 2416 Meritus
316 2349 350 2413 in
366 2347 512 2413 thalamis
526 2345 658 2425 'euehat
1069 2405 1072 2410 .
1100 2358 1164 2415 900

163 2437 289 2502 Hestile
302 2457 378 2501 vero
393 2433 426 2499 in
440 2369 572 2520 pnxiio,

162 2524 330 2589 Nauticum
345 2543 410 2586 nou
426 2518 561 2606 amplius
574 2518 682 2584 videns
697 2519 822 2586 turbem

162 2611 222 2676 Per
236 2607 371 2696 Trojcm
386 2607 512 2672 Iliacam
526 2604 736 2672 incedentem.

161 2698 320 2848 ffnrrero
335 2715 462 2758 comum
476 2691 614 2780 religatis
1033 2698 1098 2778 (sir.
1113 2693 1159 2774 2.)

200 2783 267 2848 itris
282 2781 513 2867 componebam

161 2874 339 2936 Aureorum
354 2865 555 2952 speculorum

159 2957 322 3043 Aspicienr
336 2952 491 3019 rotundos
505 2949 699 3035 splendores,

161 3043 265 3108 Coene
277 3051 407 3126 peracte
418 3053 452 3104 ut
463 3037 608 3103 cederem
622 3038 655 3101 in
672 3053 789 3102 torum.

158 3128 328 3194 Tumultus
341 3148 418 3192 vero
431 3123 631 3211 pertransivit
647 3127 774 3188 urbem:
1019 3181 1022 3190 .

158 3215 350 3280 vociferatio
363 3225 469 3277 eutem
485 3223 552 3276 eret
565 3231 623 3296 per
637 3211 746 3276 urbem
764 3209 849 3274 Tro-
1096 3219 1161 3277 910

154 3303 198 3389 je
211 3301 300 3377 haec3
323 3300 356 3366 O
370 3298 429 3363 filii
445 3297 646 3378 Graecorum,
657 3297 788 3384 quando
802 3315 887 3372 sene,

158 3387 296 3458 Quando
311 3386 417 3452 lliecae
427 3385 586 3470 speculem

159 3475 349 3540 Excidentes
362 3472 449 3536 ibitis
462 3467 618 3536 domum?
770 3527 772 3532 .

157 3563 290 3627 metum
304 3581 381 3624 vero
394 3557 527 3623 cherum
538 3553 673 3641 simplici
688 3569 773 3623 verte
786 3555 899 3622 induta
1021 3558 1099 3642 (unt.
1113 3554 1161 3638 9.)

157 3647 364 3735 Relinquenu,
375 3643 498 3711 Dorica
512 3655 549 3708 ut
561 3641 677 3728 puelle,

155 3731 378 3799 venerandum
394 3729 547 3796 accedens

156 3819 246 3886 Nihil
260 3819 350 3885 effeci
361 3818 502 3884 Dinuem
516 3813 638 3881 infelix.
988 3865 991 3870 .

158 3905 222 3973 sed
235 3905 381 3972 nbducor
394 3915 557 3969 mortuum
572 3923 671 3990 quum
686 3899 834 3968 vidissem
849 3901 997 3968 meritum

157 3992 281 4070 Meum,
295 3992 455 4058 marinum
465 4011 523 4076 per
538 3991 669 4076 peluguc
903 4047 905 4052 ,

156 4077 470 4168 Urbemqueprocul
482 4087 655 4162 urpecmnr,
671 4085 839 4160 postquem
1095 4081 1163 4142 920

158 4165 322 4232 Reducem
336 4159 785 4232 neriumuvitclevumetme
1047 4216 1049 4222 ,

156 4251 186 4318 Α
203 4264 290 4320 terra
303 4250 439 4321 dimovit
454 4249 572 4315 Iliaca:
700 4287 704 4296 ·
767 4259 768 4262 ’
