<?xml version="1.0" encoding="UTF-8"?>
<!DOCTYPE html PUBLIC "-//W3C//DTD XHTML 1.0 Transitional//EN"
    "http://www.w3.org/TR/xhtml1/DTD/xhtml1-transitional.dtd">
<html xmlns="http://www.w3.org/1999/xhtml" xml:lang="en" lang="en">
 <head>
  <title>
</title>
<meta http-equiv="Content-Type" content="text/html;charset=utf-8" />
  <meta name='ocr-system' content='tesseract 3.04.00' />
  <meta name='ocr-capabilities' content='ocr_page ocr_carea ocr_par ocr_line ocrx_word'/>
</head>
<body>
  <div class='ocr_page' id='page_1' title='image "./euripidistragoe00mattgoog_0021.png"; bbox 0 0 2784 4864; ppageno 0'>
   <div class='ocr_carea' id='block_1_1' title="bbox 251 71 960 194">
    <p class='ocr_par' dir='ltr' id='par_1_1' title="bbox 251 71 960 194">
     <span class='ocr_line' id='line_1_1' title="bbox 251 71 960 194; baseline -0.006 -38"><span class='ocrx_word' id='word_1_1' title='bbox 251 101 290 162; x_wconf 83' lang='lat' dir='ltr'><strong>re</strong></span> <span class='ocrx_word' id='word_1_2' title='bbox 544 71 564 194; x_wconf 16' lang='grc' dir='ltr'><strong>ἰ</strong></span> <span class='ocrx_word' id='word_1_3' title='bbox 635 79 960 152; x_wconf 73' lang='grc' dir='ltr'>ΕυΒΙΡΙΙΗε</span> 
     </span>
    </p>
   </div>
   <div class='ocr_carea' id='block_1_2' title="bbox 249 255 1375 774">
    <p class='ocr_par' dir='ltr' id='par_1_2' title="bbox 249 255 1375 774">
     <span class='ocr_line' id='line_1_2' title="bbox 335 255 886 344; baseline -0.004 -20"><span class='ocrx_word' id='word_1_4' title='bbox 335 260 374 324; x_wconf 92' lang='lat' dir='ltr'><strong>In</strong></span> <span class='ocrx_word' id='word_1_5' title='bbox 390 257 556 344; x_wconf 83' lang='lat' dir='ltr'><strong>peregrina</strong></span> <span class='ocrx_word' id='word_1_6' title='bbox 570 266 654 320; x_wconf 83' lang='lat' dir='ltr'><strong>terra</strong></span> <span class='ocrx_word' id='word_1_7' title='bbox 662 255 730 340; x_wconf 82' lang='lat' dir='ltr'><strong>jum</strong></span> <span class='ocrx_word' id='word_1_8' title='bbox 748 256 886 340; x_wconf 86' lang='lat' dir='ltr'><strong>vocabor</strong></span> 
     </span>
     <span class='ocr_line' id='line_1_3' title="bbox 337 341 763 428; baseline -0.009 -18"><span class='ocrx_word' id='word_1_9' title='bbox 337 348 445 422; x_wconf 86' lang='lat' dir='ltr'><strong>Serva,</strong></span> <span class='ocrx_word' id='word_1_10' title='bbox 459 343 639 428; x_wconf 85' lang='lat' dir='ltr'><strong>relinquens</strong></span> <span class='ocrx_word' id='word_1_11' title='bbox 653 341 763 406; x_wconf 84' lang='lat' dir='ltr'><strong>Asiam</strong></span> 
     </span>
     <span class='ocr_line' id='line_1_4' title="bbox 336 428 652 516; baseline -0.006 -20"><span class='ocrx_word' id='word_1_12' title='bbox 336 430 476 516; x_wconf 75' lang='lat' dir='ltr'><strong>Europe</strong></span> <span class='ocrx_word' id='word_1_13' title='bbox 490 428 652 504; x_wconf 80' lang='lat' dir='ltr'><strong>famulam,</strong></span> 
     </span>
     <span class='ocr_line' id='line_1_5' title="bbox 336 512 737 582; baseline -0.01 0"><span class='ocrx_word' id='word_1_14' title='bbox 336 517 471 582; x_wconf 84' lang='lat' dir='ltr'><strong>Mutuus</strong></span> <span class='ocrx_word' id='word_1_15' title='bbox 481 538 557 580; x_wconf 89' lang='lat' dir='ltr'><strong>nece</strong></span> <span class='ocrx_word' id='word_1_16' title='bbox 571 512 737 578; x_wconf 76' lang='lat' dir='ltr'><strong>thalamos.</strong></span> 
     </span>
     <span class='ocr_line' id='line_1_6' title="bbox 249 600 923 690; baseline -0.006 -20"><span class='ocrx_word' id='word_1_17' title='bbox 249 627 325 670; x_wconf 77' lang='lat' dir='ltr'><strong>rat.</strong></span> <span class='ocrx_word' id='word_1_18' title='bbox 336 603 405 670; x_wconf 90' lang='lat' dir='ltr'><strong>Ubi</strong></span> <span class='ocrx_word' id='word_1_19' title='bbox 418 602 560 690; x_wconf 79' lang='lat' dir='ltr'><strong>reginam</strong></span> <span class='ocrx_word' id='word_1_20' title='bbox 574 600 650 664; x_wconf 90' lang='lat' dir='ltr'><strong>olim</strong></span> <span class='ocrx_word' id='word_1_21' title='bbox 665 600 855 664; x_wconf 80' lang='lat' dir='ltr'><strong>existentem</strong></span> <span class='ocrx_word' id='word_1_22' title='bbox 870 601 923 666; x_wconf 90' lang='lat' dir='ltr'><strong>Ilii</strong></span> 
     </span>
     <span class='ocr_line' id='line_1_7' title="bbox 337 683 1375 774; baseline 0.003 -20"><span class='ocrx_word' id='word_1_23' title='bbox 337 685 507 754; x_wconf 86' lang='lat' dir='ltr'><strong>Hecubam</strong></span> <span class='ocrx_word' id='word_1_24' title='bbox 520 686 687 763; x_wconf 86' lang='lat' dir='ltr'><strong>inveniam,</strong></span> <span class='ocrx_word' id='word_1_25' title='bbox 704 685 736 751; x_wconf 94' lang='grc' dir='ltr'>Ο</span> <span class='ocrx_word' id='word_1_26' title='bbox 751 683 902 772; x_wconf 79' lang='lat' dir='ltr'><strong>Trojsnoe</strong></span> <span class='ocrx_word' id='word_1_27' title='bbox 915 688 1057 774; x_wconf 80' lang='lat' dir='ltr'><strong>puelle?</strong></span> <span class='ocrx_word' id='word_1_28' title='bbox 1287 699 1375 758; x_wconf 70' lang='lat'><strong>480</strong></span> 
     </span>
    </p>
   </div>
   <div class='ocr_carea' id='block_1_3' title="bbox 106 771 992 860">
    <p class='ocr_par' dir='ltr' id='par_1_3' title="bbox 106 771 992 860">
     <span class='ocr_line' id='line_1_8' title="bbox 106 771 992 860; baseline -0.002 -18"><span class='ocrx_word' id='word_1_29' title='bbox 106 819 109 826; x_wconf 90' lang='lat'>·</span> <span class='ocrx_word' id='word_1_30' title='bbox 250 775 397 843; x_wconf 84' lang='lat' dir='ltr'><strong>csso.Illa</strong></span> <span class='ocrx_word' id='word_1_31' title='bbox 411 797 510 860; x_wconf 83' lang='lat' dir='ltr'><strong>prope</strong></span> <span class='ocrx_word' id='word_1_32' title='bbox 524 789 565 851; x_wconf 91' lang='lat' dir='ltr'><strong>te,</strong></span> <span class='ocrx_word' id='word_1_33' title='bbox 580 787 703 860; x_wconf 82' lang='lat' dir='ltr'><strong>tergum</strong></span> <span class='ocrx_word' id='word_1_34' title='bbox 718 771 837 837; x_wconf 90' lang='lat' dir='ltr'><strong>habens</strong></span> <span class='ocrx_word' id='word_1_35' title='bbox 850 775 883 838; x_wconf 93' lang='lat' dir='ltr'><strong>in</strong></span> <span class='ocrx_word' id='word_1_36' title='bbox 898 787 992 854; x_wconf 87' lang='lat' dir='ltr'><strong>terra,</strong></span> 
     </span>
    </p>
   </div>
   <div class='ocr_carea' id='block_1_4' title="bbox 248 857 1365 3624">
    <p class='ocr_par' dir='ltr' id='par_1_4' title="bbox 337 857 990 946">
     <span class='ocr_line' id='line_1_9' title="bbox 337 857 990 946; baseline 0.002 -19"><span class='ocrx_word' id='word_1_37' title='bbox 337 862 369 927; x_wconf 95' lang='grc' dir='ltr'>Ο</span> <span class='ocrx_word' id='word_1_38' title='bbox 385 860 566 946; x_wconf 80' lang='lat' dir='ltr'><strong>Talthybie,</strong></span> <span class='ocrx_word' id='word_1_39' title='bbox 575 861 673 944; x_wconf 88' lang='lat' dir='ltr'><strong>jacet,</strong></span> <span class='ocrx_word' id='word_1_40' title='bbox 687 857 830 924; x_wconf 85' lang='lat' dir='ltr'><strong>involuta</strong></span> <span class='ocrx_word' id='word_1_41' title='bbox 842 861 990 928; x_wconf 87' lang='lat' dir='ltr'><strong>vestibus.</strong></span> 
     </span>
    </p>

    <p class='ocr_par' dir='ltr' id='par_1_5' title="bbox 249 943 1365 2068">
     <span class='ocr_line' id='line_1_10' title="bbox 249 943 1349 1033; baseline -0.002 -18"><span class='ocrx_word' id='word_1_42' title='bbox 249 971 323 1016; x_wconf 72' lang='lat' dir='ltr'><strong>rhu.</strong></span> <span class='ocrx_word' id='word_1_43' title='bbox 337 946 370 1013; x_wconf 94' lang='lat'>0</span> <span class='ocrx_word' id='word_1_44' title='bbox 383 948 519 1032; x_wconf 87' lang='lat' dir='ltr'><strong>Jupiter,</strong></span> <span class='ocrx_word' id='word_1_45' title='bbox 535 945 611 1031; x_wconf 87' lang='lat' dir='ltr'><strong>quid</strong></span> <span class='ocrx_word' id='word_1_46' title='bbox 625 943 753 1010; x_wconf 87' lang='lat' dir='ltr'><strong>dicam?</strong></span> <span class='ocrx_word' id='word_1_47' title='bbox 800 947 915 1012; x_wconf 86' lang='lat' dir='ltr'><strong>Utrum</strong></span> <span class='ocrx_word' id='word_1_48' title='bbox 930 962 961 1012; x_wconf 89' lang='lat' dir='ltr'><strong>te</strong></span> <span class='ocrx_word' id='word_1_49' title='bbox 975 947 1121 1012; x_wconf 88' lang='lat' dir='ltr'><strong>homines</strong></span> <span class='ocrx_word' id='word_1_50' title='bbox 1136 949 1311 1033; x_wconf 73' lang='lat' dir='ltr'><strong>respicere</strong></span> <span class='ocrx_word' id='word_1_51' title='bbox 1325 949 1349 1013; x_wconf 82' lang='lat'>?</span> 
     </span>
     <span class='ocr_line' id='line_1_11' title="bbox 335 1031 1028 1118; baseline -0.003 -20"><span class='ocrx_word' id='word_1_52' title='bbox 335 1037 390 1098; x_wconf 85' lang='lat' dir='ltr'><strong>An</strong></span> <span class='ocrx_word' id='word_1_53' title='bbox 404 1033 670 1118; x_wconf 82' lang='lat' dir='ltr'><strong>illosopinionem</strong></span> <span class='ocrx_word' id='word_1_54' title='bbox 685 1031 768 1097; x_wconf 90' lang='lat' dir='ltr'><strong>hanc</strong></span> <span class='ocrx_word' id='word_1_55' title='bbox 781 1031 900 1098; x_wconf 85' lang='lat' dir='ltr'><strong>habere</strong></span> <span class='ocrx_word' id='word_1_56' title='bbox 912 1031 1028 1098; x_wconf 82' lang='lat' dir='ltr'><strong>frustm</strong></span> 
     </span>
     <span class='ocr_line' id='line_1_12' title="bbox 337 1117 1055 1210; baseline 0 -26"><span class='ocrx_word' id='word_1_57' title='bbox 337 1120 472 1197; x_wconf 72' lang='lat' dir='ltr'><strong>Falsum,</strong></span> <span class='ocrx_word' id='word_1_58' title='bbox 487 1120 702 1184; x_wconf 72' lang='lat' dir='ltr'><strong>existimantes</strong></span> <span class='ocrx_word' id='word_1_59' title='bbox 716 1139 782 1182; x_wconf 88' lang='lat' dir='ltr'><strong>esse</strong></span> <span class='ocrx_word' id='word_1_60' title='bbox 795 1117 929 1183; x_wconf 87' lang='lat' dir='ltr'><strong>deornm</strong></span> <span class='ocrx_word' id='word_1_61' title='bbox 942 1141 1055 1210; x_wconf 79' lang='lat' dir='ltr'><strong>genus,</strong></span> 
     </span>
     <span class='ocr_line' id='line_1_13' title="bbox 336 1203 1049 1292; baseline -0.006 -20"><span class='ocrx_word' id='word_1_62' title='bbox 336 1205 379 1272; x_wconf 87' lang='lat' dir='ltr'><strong>Et</strong></span> <span class='ocrx_word' id='word_1_63' title='bbox 391 1205 550 1271; x_wconf 84' lang='lat' dir='ltr'><strong>fortunam</strong></span> <span class='ocrx_word' id='word_1_64' title='bbox 566 1203 674 1272; x_wconf 85' lang='lat' dir='ltr'><strong>omnis</strong></span> <span class='ocrx_word' id='word_1_65' title='bbox 688 1203 834 1268; x_wconf 87' lang='lat' dir='ltr'><strong>mortalia</strong></span> <span class='ocrx_word' id='word_1_66' title='bbox 847 1203 1049 1292; x_wconf 79' lang='lat' dir='ltr'><strong>gubernare?</strong></span> 
     </span>
     <span class='ocr_line' id='line_1_14' title="bbox 334 1289 1271 1390; baseline 0.001 -32"><span class='ocrx_word' id='word_1_67' title='bbox 334 1295 454 1359; x_wconf 79' lang='lat' dir='ltr'><strong>Annon</strong></span> <span class='ocrx_word' id='word_1_68' title='bbox 467 1291 537 1357; x_wconf 84' lang='lat' dir='ltr'><strong>haec</strong></span> <span class='ocrx_word' id='word_1_69' title='bbox 551 1289 610 1356; x_wconf 90' lang='lat' dir='ltr'><strong>fuit</strong></span> <span class='ocrx_word' id='word_1_70' title='bbox 624 1289 733 1390; x_wconf 77' lang='lat' dir='ltr'><strong>regine</strong></span> <span class='ocrx_word' id='word_1_71' title='bbox 745 1289 1058 1357; x_wconf 71' lang='lat' dir='ltr'><strong>abundantem-auro</strong></span> <span class='ocrx_word' id='word_1_72' title='bbox 1070 1291 1271 1380; x_wconf 77' lang='lat' dir='ltr'><strong>Phrygum?</strong></span> 
     </span>
     <span class='ocr_line' id='line_1_15' title="bbox 336 1375 1025 1443; baseline 0 -1"><span class='ocrx_word' id='word_1_73' title='bbox 336 1381 456 1443; x_wconf 83' lang='lat' dir='ltr'><strong>Annon</strong></span> <span class='ocrx_word' id='word_1_74' title='bbox 472 1377 542 1443; x_wconf 87' lang='lat' dir='ltr'><strong>haec</strong></span> <span class='ocrx_word' id='word_1_75' title='bbox 558 1376 676 1442; x_wconf 77' lang='lat' dir='ltr'><strong>Priami</strong></span> <span class='ocrx_word' id='word_1_76' title='bbox 690 1376 807 1440; x_wconf 86' lang='lat' dir='ltr'><strong>eximie</strong></span> <span class='ocrx_word' id='word_1_77' title='bbox 820 1375 904 1442; x_wconf 89' lang='lat' dir='ltr'><strong>beati</strong></span> <span class='ocrx_word' id='word_1_78' title='bbox 918 1376 1025 1443; x_wconf 85' lang='lat' dir='ltr'><strong>uxor?</strong></span> 
     </span>
     <span class='ocr_line' id='line_1_16' title="bbox 336 1462 1177 1548; baseline -0.001 -19"><span class='ocrx_word' id='word_1_79' title='bbox 336 1463 381 1529; x_wconf 90' lang='lat' dir='ltr'><strong>Et</strong></span> <span class='ocrx_word' id='word_1_80' title='bbox 396 1485 482 1529; x_wconf 89' lang='lat' dir='ltr'><strong>nunc</strong></span> <span class='ocrx_word' id='word_1_81' title='bbox 495 1463 571 1529; x_wconf 88' lang='lat' dir='ltr'><strong>urhe</strong></span> <span class='ocrx_word' id='word_1_82' title='bbox 585 1462 712 1548; x_wconf 90' lang='lat' dir='ltr'><strong>quidem</strong></span> <span class='ocrx_word' id='word_1_83' title='bbox 728 1462 874 1527; x_wconf 83' lang='lat' dir='ltr'><strong>universa</strong></span> <span class='ocrx_word' id='word_1_84' title='bbox 887 1485 994 1530; x_wconf 81' lang='lat' dir='ltr'><strong>eversa</strong></span> <span class='ocrx_word' id='word_1_85' title='bbox 1007 1474 1054 1529; x_wconf 88' lang='lat' dir='ltr'><strong>est</strong></span> <span class='ocrx_word' id='word_1_86' title='bbox 1066 1462 1177 1541; x_wconf 82' lang='lat' dir='ltr'><strong>hssts;</strong></span> 
     </span>
     <span class='ocr_line' id='line_1_17' title="bbox 336 1547 1365 1634; baseline 0.004 -18"><span class='ocrx_word' id='word_1_87' title='bbox 336 1551 412 1634; x_wconf 87' lang='lat' dir='ltr'><strong>Ipse</strong></span> <span class='ocrx_word' id='word_1_88' title='bbox 425 1572 500 1615; x_wconf 88' lang='lat' dir='ltr'><strong>vero</strong></span> <span class='ocrx_word' id='word_1_89' title='bbox 515 1571 613 1626; x_wconf 84' lang='lat' dir='ltr'><strong>servs,</strong></span> <span class='ocrx_word' id='word_1_90' title='bbox 629 1570 717 1625; x_wconf 88' lang='lat' dir='ltr'><strong>enus,</strong></span> <span class='ocrx_word' id='word_1_91' title='bbox 730 1547 809 1614; x_wconf 87' lang='lat' dir='ltr'><strong>orba</strong></span> <span class='ocrx_word' id='word_1_92' title='bbox 823 1548 939 1628; x_wconf 87' lang='lat' dir='ltr'><strong>liberis,</strong></span> <span class='ocrx_word' id='word_1_93' title='bbox 954 1551 989 1616; x_wconf 93' lang='lat' dir='ltr'><strong>in</strong></span> <span class='ocrx_word' id='word_1_94' title='bbox 1003 1563 1088 1616; x_wconf 80' lang='lat' dir='ltr'><strong>terre</strong></span> <span class='ocrx_word' id='word_1_95' title='bbox 1283 1563 1365 1620; x_wconf 84' lang='lat'><strong>⁴90</strong></span> 
     </span>
     <span class='ocr_line' id='line_1_18' title="bbox 331 1633 1064 1722; baseline 0.001 -22"><span class='ocrx_word' id='word_1_96' title='bbox 331 1637 435 1714; x_wconf 73' lang='lat' dir='ltr'><strong>lacet,</strong></span> <span class='ocrx_word' id='word_1_97' title='bbox 450 1635 581 1722; x_wconf 83' lang='lat' dir='ltr'><strong>pulvere</strong></span> <span class='ocrx_word' id='word_1_98' title='bbox 594 1633 714 1699; x_wconf 83' lang='lat' dir='ltr'><strong>foedans</strong></span> <span class='ocrx_word' id='word_1_99' title='bbox 728 1633 945 1702; x_wconf 87' lang='lat' dir='ltr'><strong>calamitosum</strong></span> <span class='ocrx_word' id='word_1_100' title='bbox 958 1649 1064 1722; x_wconf 82' lang='lat' dir='ltr'><strong>ceput</strong></span> 
     </span>
     <span class='ocr_line' id='line_1_19' title="bbox 336 1720 1194 1807; baseline -0.001 -19"><span class='ocrx_word' id='word_1_101' title='bbox 336 1722 401 1800; x_wconf 84' lang='lat' dir='ltr'><strong>Ah,</strong></span> <span class='ocrx_word' id='word_1_102' title='bbox 418 1721 475 1799; x_wconf 78' lang='lat' dir='ltr'><strong>ah3</strong></span> <span class='ocrx_word' id='word_1_103' title='bbox 499 1743 594 1788; x_wconf 85' lang='lat' dir='ltr'><strong>senex</strong></span> <span class='ocrx_word' id='word_1_104' title='bbox 608 1720 735 1807; x_wconf 90' lang='lat' dir='ltr'><strong>quidem</strong></span> <span class='ocrx_word' id='word_1_105' title='bbox 751 1743 840 1800; x_wconf 81' lang='lat' dir='ltr'><strong>sum3</strong></span> <span class='ocrx_word' id='word_1_106' title='bbox 863 1735 1001 1788; x_wconf 87' lang='lat' dir='ltr'><strong>attamen</strong></span> <span class='ocrx_word' id='word_1_107' title='bbox 1017 1722 1095 1786; x_wconf 89' lang='lat' dir='ltr'><strong>mihi</strong></span> <span class='ocrx_word' id='word_1_108' title='bbox 1109 1725 1194 1788; x_wconf 89' lang='lat' dir='ltr'><strong>mori</strong></span> 
     </span>
     <span class='ocr_line' id='line_1_20' title="bbox 336 1806 1362 1898; baseline 0.004 -26"><span class='ocrx_word' id='word_1_109' title='bbox 336 1808 522 1896; x_wconf 83' lang='lat' dir='ltr'><strong>Continget,</strong></span> <span class='ocrx_word' id='word_1_110' title='bbox 533 1808 715 1892; x_wconf 87' lang='lat' dir='ltr'><strong>priusquam</strong></span> <span class='ocrx_word' id='word_1_111' title='bbox 731 1806 765 1870; x_wconf 94' lang='lat' dir='ltr'><strong>in</strong></span> <span class='ocrx_word' id='word_1_112' title='bbox 780 1819 904 1892; x_wconf 86' lang='lat' dir='ltr'><strong>turpem</strong></span> <span class='ocrx_word' id='word_1_113' title='bbox 919 1808 1056 1874; x_wconf 88' lang='lat' dir='ltr'><strong>incidam</strong></span> <span class='ocrx_word' id='word_1_114' title='bbox 1067 1829 1175 1874; x_wconf 79' lang='lat' dir='ltr'><strong>cesum</strong></span> <span class='ocrx_word' id='word_1_115' title='bbox 1187 1809 1362 1898; x_wconf 74' lang='lat' dir='ltr'><strong>aliquem.</strong></span> 
     </span>
     <span class='ocr_line' id='line_1_21' title="bbox 336 1891 875 1982; baseline -0.004 -22"><span class='ocrx_word' id='word_1_116' title='bbox 336 1897 450 1982; x_wconf 81' lang='lat' dir='ltr'><strong>Surge,</strong></span> <span class='ocrx_word' id='word_1_117' title='bbox 468 1893 633 1970; x_wconf 86' lang='lat' dir='ltr'><strong>Oinfelix‚</strong></span> <span class='ocrx_word' id='word_1_118' title='bbox 648 1905 680 1956; x_wconf 92' lang='lat' dir='ltr'><strong>et</strong></span> <span class='ocrx_word' id='word_1_119' title='bbox 692 1891 725 1959; x_wconf 89' lang='lat' dir='ltr'><strong>iu</strong></span> <span class='ocrx_word' id='word_1_120' title='bbox 741 1892 875 1958; x_wconf 87' lang='lat' dir='ltr'><strong>sublime</strong></span> 
     </span>
     <span class='ocr_line' id='line_1_22' title="bbox 336 1980 977 2068; baseline 0 -22"><span class='ocrx_word' id='word_1_121' title='bbox 336 1980 436 2046; x_wconf 80' lang='lat' dir='ltr'><strong>Latus</strong></span> <span class='ocrx_word' id='word_1_122' title='bbox 449 1980 546 2060; x_wconf 87' lang='lat' dir='ltr'><strong>eleva,</strong></span> <span class='ocrx_word' id='word_1_123' title='bbox 562 1991 595 2045; x_wconf 88' lang='lat' dir='ltr'><strong>et</strong></span> <span class='ocrx_word' id='word_1_124' title='bbox 606 1999 733 2064; x_wconf 87' lang='lat' dir='ltr'><strong>prorsus</strong></span> <span class='ocrx_word' id='word_1_125' title='bbox 743 2000 855 2044; x_wconf 87' lang='lat' dir='ltr'><strong>canum</strong></span> <span class='ocrx_word' id='word_1_126' title='bbox 871 1994 977 2068; x_wconf 90' lang='lat' dir='ltr'><strong>caput.</strong></span> 
     </span>
    </p>

    <p class='ocr_par' dir='ltr' id='par_1_6' title="bbox 249 2065 1258 2239">
     <span class='ocr_line' id='line_1_23' title="bbox 249 2065 1158 2158; baseline -0.004 -22"><span class='ocrx_word' id='word_1_127' title='bbox 249 2090 328 2136; x_wconf 79' lang='lat' dir='ltr'><strong>nnc.</strong></span> <span class='ocrx_word' id='word_1_128' title='bbox 338 2070 419 2158; x_wconf 78' lang='lat' dir='ltr'><strong>Age.</strong></span> <span class='ocrx_word' id='word_1_129' title='bbox 463 2067 546 2144; x_wconf 84' lang='lat' dir='ltr'><strong>Quis</strong></span> <span class='ocrx_word' id='word_1_130' title='bbox 580 2065 614 2130; x_wconf 92' lang='lat' dir='ltr'><strong>ui</strong></span> <span class='ocrx_word' id='word_1_131' title='bbox 627 2086 743 2152; x_wconf 87' lang='lat' dir='ltr'><strong>corpus</strong></span> <span class='ocrx_word' id='word_1_132' title='bbox 758 2086 864 2130; x_wconf 87' lang='lat' dir='ltr'><strong>meum</strong></span> <span class='ocrx_word' id='word_1_133' title='bbox 878 2089 943 2132; x_wconf 92' lang='lat' dir='ltr'><strong>non</strong></span> <span class='ocrx_word' id='word_1_134' title='bbox 958 2067 1035 2132; x_wconf 79' lang='lat' dir='ltr'><strong>sinis</strong></span> <span class='ocrx_word' id='word_1_135' title='bbox 1152 2147 1158 2150; x_wconf 34' lang='grc'><strong>,</strong></span> 
     </span>
     <span class='ocr_line' id='line_1_24' title="bbox 335 2088 1258 2239; baseline 0 -17"><span class='ocrx_word' id='word_1_136' title='bbox 335 2151 472 2222; x_wconf 77' lang='lat' dir='ltr'><strong>lacere?</strong></span> <span class='ocrx_word' id='word_1_137' title='bbox 494 2088 584 2230; x_wconf 73' lang='lat' dir='ltr'><strong>Qutl</strong></span> <span class='ocrx_word' id='word_1_138' title='bbox 598 2173 704 2216; x_wconf 89' lang='lat' dir='ltr'><strong>moves</strong></span> <span class='ocrx_word' id='word_1_139' title='bbox 719 2172 779 2229; x_wconf 90' lang='lat' dir='ltr'><strong>me,</strong></span> <span class='ocrx_word' id='word_1_140' title='bbox 795 2153 936 2239; x_wconf 90' lang='lat' dir='ltr'><strong>quisquis</strong></span> <span class='ocrx_word' id='word_1_141' title='bbox 950 2177 994 2235; x_wconf 88' lang='lat' dir='ltr'><strong>es,</strong></span> <span class='ocrx_word' id='word_1_142' title='bbox 1008 2151 1181 2219; x_wconf 73' lang='lat' dir='ltr'><strong>afflictam?</strong></span> <span class='ocrx_word' id='word_1_143' title='bbox 1253 2217 1258 2222; x_wconf 91' lang='lat'>.</span> 
     </span>
    </p>

    <p class='ocr_par' dir='ltr' id='par_1_7' title="bbox 249 2237 1043 2416">
     <span class='ocr_line' id='line_1_25' title="bbox 249 2237 1043 2328; baseline -0.004 -20"><span class='ocrx_word' id='word_1_144' title='bbox 249 2264 322 2309; x_wconf 79' lang='lat' dir='ltr'><strong>ran.</strong></span> <span class='ocrx_word' id='word_1_145' title='bbox 334 2239 525 2328; x_wconf 84' lang='lat' dir='ltr'><strong>Talthybius</strong></span> <span class='ocrx_word' id='word_1_146' title='bbox 538 2239 642 2320; x_wconf 82' lang='lat' dir='ltr'><strong>venio,</strong></span> <span class='ocrx_word' id='word_1_147' title='bbox 657 2237 877 2306; x_wconf 80' lang='lat' dir='ltr'><strong>Dastaidamm</strong></span> <span class='ocrx_word' id='word_1_148' title='bbox 892 2239 1043 2318; x_wconf 86' lang='lat' dir='ltr'><strong>minister,</strong></span> 
     </span>
     <span class='ocr_line' id='line_1_26' title="bbox 335 2323 1028 2416; baseline -0.006 -22"><span class='ocrx_word' id='word_1_149' title='bbox 335 2333 576 2416; x_wconf 77' lang='lat' dir='ltr'><strong>Agamemnone</strong></span> <span class='ocrx_word' id='word_1_150' title='bbox 588 2336 765 2390; x_wconf 82' lang='lat' dir='ltr'><strong>accersente</strong></span> <span class='ocrx_word' id='word_1_151' title='bbox 780 2335 818 2400; x_wconf 87' lang='lat' dir='ltr'><strong>te,</strong></span> <span class='ocrx_word' id='word_1_152' title='bbox 835 2323 868 2391; x_wconf 93' lang='grc' dir='ltr'>Ο</span> <span class='ocrx_word' id='word_1_153' title='bbox 881 2325 1028 2391; x_wconf 74' lang='lat' dir='ltr'><strong>mulien’</strong></span> 
     </span>
    </p>

    <p class='ocr_par' dir='ltr' id='par_1_8' title="bbox 249 2412 1354 2500">
     <span class='ocr_line' id='line_1_27' title="bbox 249 2412 1354 2500; baseline 0 -19"><span class='ocrx_word' id='word_1_154' title='bbox 249 2413 366 2481; x_wconf 81' lang='lat' dir='ltr'><strong>uac.0</strong></span> <span class='ocrx_word' id='word_1_155' title='bbox 391 2413 582 2494; x_wconf 81' lang='lat' dir='ltr'><strong>charissime,</strong></span> <span class='ocrx_word' id='word_1_156' title='bbox 605 2431 757 2476; x_wconf 79' lang='lat' dir='ltr'><strong>numnam</strong></span> <span class='ocrx_word' id='word_1_157' title='bbox 782 2423 814 2475; x_wconf 88' lang='lat' dir='ltr'><strong>et</strong></span> <span class='ocrx_word' id='word_1_158' title='bbox 836 2433 888 2477; x_wconf 90' lang='lat' dir='ltr'><strong>me</strong></span> <span class='ocrx_word' id='word_1_159' title='bbox 911 2412 1042 2500; x_wconf 80' lang='lat' dir='ltr'><strong>insuper</strong></span> <span class='ocrx_word' id='word_1_160' title='bbox 1060 2421 1201 2478; x_wconf 84' lang='lat' dir='ltr'><strong>msctsrc</strong></span> <span class='ocrx_word' id='word_1_161' title='bbox 1224 2412 1271 2478; x_wconf 84' lang='lat' dir='ltr'><strong>ad</strong></span> <span class='ocrx_word' id='word_1_162' title='bbox 1293 2429 1354 2482; x_wconf 89' lang='lat' dir='ltr'><strong>tu-</strong></span> 
     </span>
    </p>

    <p class='ocr_par' dir='ltr' id='par_1_9' title="bbox 421 2499 1352 2570">
     <span class='ocr_line' id='line_1_28' title="bbox 421 2499 1352 2570; baseline 0.005 -6"><span class='ocrx_word' id='word_1_163' title='bbox 421 2499 542 2564; x_wconf 90' lang='lat' dir='ltr'><strong>mulum</strong></span> <span class='ocrx_word' id='word_1_164' title='bbox 1278 2513 1352 2570; x_wconf 81' lang='lat'><strong>500</strong></span> 
     </span>
    </p>

    <p class='ocr_par' dir='ltr' id='par_1_10' title="bbox 334 2585 1348 2760">
     <span class='ocr_line' id='line_1_29' title="bbox 334 2585 1348 2674; baseline 0 -20"><span class='ocrx_word' id='word_1_165' title='bbox 334 2588 433 2655; x_wconf 73' lang='lat' dir='ltr'><strong>Juxta</strong></span> <span class='ocrx_word' id='word_1_166' title='bbox 442 2586 605 2650; x_wconf 87' lang='lat' dir='ltr'><strong>decretum</strong></span> <span class='ocrx_word' id='word_1_167' title='bbox 618 2585 807 2649; x_wconf 85' lang='lat' dir='ltr'><strong>Graecorum</strong></span> <span class='ocrx_word' id='word_1_168' title='bbox 822 2587 956 2652; x_wconf 82' lang='lat' dir='ltr'><strong>venisti?</strong></span> <span class='ocrx_word' id='word_1_169' title='bbox 980 2607 1074 2672; x_wconf 86' lang='lat' dir='ltr'><strong>quum</strong></span> <span class='ocrx_word' id='word_1_170' title='bbox 1088 2586 1323 2674; x_wconf 78' lang='lat' dir='ltr'><strong>grstsdiceres</strong></span> <span class='ocrx_word' id='word_1_171' title='bbox 1339 2589 1348 2654; x_wconf 86' lang='lat' dir='ltr'><strong>l</strong></span> 
     </span>
     <span class='ocr_line' id='line_1_30' title="bbox 336 2670 1084 2760; baseline -0.001 -23"><span class='ocrx_word' id='word_1_172' title='bbox 336 2673 557 2760; x_wconf 88' lang='lat' dir='ltr'><strong>Properemus,</strong></span> <span class='ocrx_word' id='word_1_173' title='bbox 572 2670 763 2749; x_wconf 80' lang='lat' dir='ltr'><strong>festinemus,</strong></span> <span class='ocrx_word' id='word_1_174' title='bbox 779 2673 840 2736; x_wconf 88' lang='lat' dir='ltr'><strong>duc</strong></span> <span class='ocrx_word' id='word_1_175' title='bbox 855 2694 916 2750; x_wconf 89' lang='lat' dir='ltr'><strong>me,</strong></span> <span class='ocrx_word' id='word_1_176' title='bbox 933 2672 966 2738; x_wconf 94' lang='grc' dir='ltr'>Ο</span> <span class='ocrx_word' id='word_1_177' title='bbox 980 2693 1084 2736; x_wconf 87' lang='lat' dir='ltr'><strong>senex.</strong></span> 
     </span>
    </p>

    <p class='ocr_par' dir='ltr' id='par_1_11' title="bbox 248 2756 1118 3017">
     <span class='ocr_line' id='line_1_31' title="bbox 248 2756 1118 2844; baseline -0.005 -18"><span class='ocrx_word' id='word_1_178' title='bbox 248 2781 322 2826; x_wconf 79' lang='lat' dir='ltr'><strong>rau.</strong></span> <span class='ocrx_word' id='word_1_179' title='bbox 334 2758 440 2825; x_wconf 89' lang='lat' dir='ltr'><strong>Tuam</strong></span> <span class='ocrx_word' id='word_1_180' title='bbox 454 2759 552 2824; x_wconf 82' lang='lat' dir='ltr'><strong>filiam</strong></span> <span class='ocrx_word' id='word_1_181' title='bbox 566 2770 725 2823; x_wconf 89' lang='lat' dir='ltr'><strong>mortuam</strong></span> <span class='ocrx_word' id='word_1_182' title='bbox 739 2769 776 2822; x_wconf 93' lang='lat' dir='ltr'><strong>ut</strong></span> <span class='ocrx_word' id='word_1_183' title='bbox 790 2757 931 2844; x_wconf 85' lang='lat' dir='ltr'><strong>sepelias,</strong></span> <span class='ocrx_word' id='word_1_184' title='bbox 949 2757 982 2824; x_wconf 94' lang='lat'>0</span> <span class='ocrx_word' id='word_1_185' title='bbox 996 2756 1118 2835; x_wconf 87' lang='lat' dir='ltr'><strong>mulier,</strong></span> 
     </span>
     <span class='ocr_line' id='line_1_32' title="bbox 334 2843 940 2926; baseline 0.003 -18"><span class='ocrx_word' id='word_1_186' title='bbox 334 2845 437 2910; x_wconf 91' lang='lat' dir='ltr'><strong>Venio</strong></span> <span class='ocrx_word' id='word_1_187' title='bbox 451 2867 566 2926; x_wconf 80' lang='lat' dir='ltr'><strong>vocans</strong></span> <span class='ocrx_word' id='word_1_188' title='bbox 578 2857 625 2922; x_wconf 88' lang='lat' dir='ltr'><strong>te;</strong></span> <span class='ocrx_word' id='word_1_189' title='bbox 649 2843 787 2910; x_wconf 90' lang='lat' dir='ltr'><strong>Mittunt</strong></span> <span class='ocrx_word' id='word_1_190' title='bbox 800 2866 876 2908; x_wconf 87' lang='lat' dir='ltr'><strong>vero</strong></span> <span class='ocrx_word' id='word_1_191' title='bbox 889 2867 940 2910; x_wconf 90' lang='lat' dir='ltr'><strong>me</strong></span> 
     </span>
     <span class='ocr_line' id='line_1_33' title="bbox 334 2929 994 3017; baseline 0 -21"><span class='ocrx_word' id='word_1_192' title='bbox 334 2931 465 2997; x_wconf 90' lang='lat' dir='ltr'><strong>Gemini</strong></span> <span class='ocrx_word' id='word_1_193' title='bbox 481 2931 613 3010; x_wconf 78' lang='lat' dir='ltr'><strong>Atride,</strong></span> <span class='ocrx_word' id='word_1_194' title='bbox 629 2945 660 2995; x_wconf 92' lang='lat' dir='ltr'><strong>et</strong></span> <span class='ocrx_word' id='word_1_195' title='bbox 674 2931 810 3017; x_wconf 88' lang='lat' dir='ltr'><strong>populus</strong></span> <span class='ocrx_word' id='word_1_196' title='bbox 825 2929 994 2996; x_wconf 81' lang='lat' dir='ltr'><strong>Achaicus.</strong></span> 
     </span>
    </p>

    <p class='ocr_par' dir='ltr' id='par_1_12' title="bbox 250 3015 1342 3624">
     <span class='ocr_line' id='line_1_34' title="bbox 250 3015 1191 3104; baseline -0.004 -20"><span class='ocrx_word' id='word_1_197' title='bbox 250 3039 327 3086; x_wconf 78' lang='lat' dir='ltr'><strong>asne.</strong></span> <span class='ocrx_word' id='word_1_198' title='bbox 336 3017 414 3083; x_wconf 92' lang='lat' dir='ltr'><strong>Heu</strong></span> <span class='ocrx_word' id='word_1_199' title='bbox 427 3017 517 3095; x_wconf 90' lang='lat' dir='ltr'><strong>mihi,</strong></span> <span class='ocrx_word' id='word_1_200' title='bbox 533 3018 608 3104; x_wconf 90' lang='lat' dir='ltr'><strong>quid</strong></span> <span class='ocrx_word' id='word_1_201' title='bbox 623 3016 724 3082; x_wconf 85' lang='lat' dir='ltr'><strong>dicis?</strong></span> <span class='ocrx_word' id='word_1_202' title='bbox 745 3039 810 3081; x_wconf 88' lang='lat' dir='ltr'><strong>non</strong></span> <span class='ocrx_word' id='word_1_203' title='bbox 825 3039 903 3104; x_wconf 85' lang='lat' dir='ltr'><strong>ergo</strong></span> <span class='ocrx_word' id='word_1_204' title='bbox 916 3017 1005 3103; x_wconf 87' lang='lat' dir='ltr'><strong>quasi</strong></span> <span class='ocrx_word' id='word_1_205' title='bbox 1019 3015 1191 3082; x_wconf 87' lang='lat' dir='ltr'><strong>morituros</strong></span> 
     </span>
     <span class='ocr_line' id='line_1_35' title="bbox 333 3100 1033 3192; baseline -0.006 -22"><span class='ocrx_word' id='word_1_206' title='bbox 333 3105 456 3170; x_wconf 87' lang='lat' dir='ltr'><strong>Venisti</strong></span> <span class='ocrx_word' id='word_1_207' title='bbox 470 3103 511 3170; x_wconf 90' lang='lat' dir='ltr'><strong>ad</strong></span> <span class='ocrx_word' id='word_1_208' title='bbox 526 3127 593 3182; x_wconf 89' lang='lat' dir='ltr'><strong>nos,</strong></span> <span class='ocrx_word' id='word_1_209' title='bbox 609 3103 665 3168; x_wconf 84' lang='lat' dir='ltr'><strong>sed</strong></span> <span class='ocrx_word' id='word_1_210' title='bbox 678 3103 913 3192; x_wconf 81' lang='lat' dir='ltr'><strong>sigpificatunss</strong></span> <span class='ocrx_word' id='word_1_211' title='bbox 928 3100 1033 3168; x_wconf 77' lang='lat' dir='ltr'><strong>mala?</strong></span> 
     </span>
     <span class='ocr_line' id='line_1_36' title="bbox 334 3189 910 3274; baseline -0.003 -18"><span class='ocrx_word' id='word_1_212' title='bbox 334 3191 462 3269; x_wconf 90' lang='lat' dir='ltr'><strong>Peristi‚</strong></span> <span class='ocrx_word' id='word_1_213' title='bbox 478 3191 510 3257; x_wconf 94' lang='grc' dir='ltr'>Ο</span> <span class='ocrx_word' id='word_1_214' title='bbox 524 3189 599 3267; x_wconf 87' lang='lat' dir='ltr'><strong>filia,</strong></span> <span class='ocrx_word' id='word_1_215' title='bbox 615 3213 635 3254; x_wconf 87' lang='lat' dir='ltr'><strong>a</strong></span> <span class='ocrx_word' id='word_1_216' title='bbox 650 3201 750 3254; x_wconf 80' lang='lat' dir='ltr'><strong>mette</strong></span> <span class='ocrx_word' id='word_1_217' title='bbox 763 3189 910 3274; x_wconf 86' lang='lat' dir='ltr'><strong>abrepta:</strong></span> 
     </span>
     <span class='ocr_line' id='line_1_37' title="bbox 334 3273 1342 3363; baseline 0.001 -20"><span class='ocrx_word' id='word_1_218' title='bbox 334 3277 403 3343; x_wconf 89' lang='lat' dir='ltr'><strong>Nos</strong></span> <span class='ocrx_word' id='word_1_219' title='bbox 411 3299 487 3343; x_wconf 89' lang='lat' dir='ltr'><strong>vero</strong></span> <span class='ocrx_word' id='word_1_220' title='bbox 497 3275 1083 3363; x_wconf 75' lang='lat' dir='ltr'><strong>orboeliberisquatenusadtespectats</strong></span> <span class='ocrx_word' id='word_1_221' title='bbox 1102 3273 1262 3341; x_wconf 68' lang='lat' dir='ltr'><strong>omisere</strong></span> <span class='ocrx_word' id='word_1_222' title='bbox 1334 3329 1342 3344; x_wconf 94' lang='lat'><strong>.</strong></span> 
     </span>
     <span class='ocr_line' id='line_1_38' title="bbox 333 3360 1289 3449; baseline 0 -20"><span class='ocrx_word' id='word_1_223' title='bbox 333 3364 505 3440; x_wconf 85' lang='lat' dir='ltr'><strong>Quomodo</strong></span> <span class='ocrx_word' id='word_1_224' title='bbox 520 3385 593 3428; x_wconf 87' lang='lat' dir='ltr'><strong>vero</strong></span> <span class='ocrx_word' id='word_1_225' title='bbox 602 3363 703 3449; x_wconf 91' lang='lat' dir='ltr'><strong>ipsam</strong></span> <span class='ocrx_word' id='word_1_226' title='bbox 718 3360 916 3428; x_wconf 77' lang='lat' dir='ltr'><strong>confecistis?</strong></span> <span class='ocrx_word' id='word_1_227' title='bbox 937 3383 1090 3428; x_wconf 86' lang='lat' dir='ltr'><strong>numnam</strong></span> <span class='ocrx_word' id='word_1_228' title='bbox 1104 3379 1289 3429; x_wconf 75' lang='lat' dir='ltr'><strong>reverentes</strong></span> 
     </span>
     <span class='ocr_line' id='line_1_39' title="bbox 333 3447 1339 3536; baseline 0.001 -21"><span class='ocrx_word' id='word_1_229' title='bbox 333 3453 388 3515; x_wconf 90' lang='lat' dir='ltr'><strong>An</strong></span> <span class='ocrx_word' id='word_1_230' title='bbox 402 3451 443 3517; x_wconf 91' lang='lat' dir='ltr'><strong>ad</strong></span> <span class='ocrx_word' id='word_1_231' title='bbox 457 3447 572 3516; x_wconf 88' lang='lat' dir='ltr'><strong>lethale</strong></span> <span class='ocrx_word' id='word_1_232' title='bbox 584 3449 786 3536; x_wconf 74' lang='lat' dir='ltr'><strong>processistis,</strong></span> <span class='ocrx_word' id='word_1_233' title='bbox 801 3461 838 3516; x_wconf 89' lang='lat' dir='ltr'><strong>ut</strong></span> <span class='ocrx_word' id='word_1_234' title='bbox 851 3448 984 3528; x_wconf 85' lang='lat' dir='ltr'><strong>hostem,</strong></span> <span class='ocrx_word' id='word_1_235' title='bbox 1000 3452 1031 3515; x_wconf 92' lang='grc' dir='ltr'>Ο</span> <span class='ocrx_word' id='word_1_236' title='bbox 1045 3469 1152 3526; x_wconf 82' lang='lat' dir='ltr'><strong>senex,</strong></span> <span class='ocrx_word' id='word_1_237' title='bbox 1274 3461 1339 3518; x_wconf 79' lang='lat'><strong>511</strong></span> 
     </span>
     <span class='ocr_line' id='line_1_40' title="bbox 333 3533 1227 3624; baseline -0.003 -23"><span class='ocrx_word' id='word_1_238' title='bbox 333 3533 585 3603; x_wconf 83' lang='lat' dir='ltr'><strong>interficientes?</strong></span> <span class='ocrx_word' id='word_1_239' title='bbox 605 3535 668 3614; x_wconf 88' lang='lat' dir='ltr'><strong>dic,</strong></span> <span class='ocrx_word' id='word_1_240' title='bbox 684 3537 827 3624; x_wconf 89' lang='lat' dir='ltr'><strong>quamvis</strong></span> <span class='ocrx_word' id='word_1_241' title='bbox 841 3557 906 3602; x_wconf 92' lang='lat' dir='ltr'><strong>non</strong></span> <span class='ocrx_word' id='word_1_242' title='bbox 920 3536 1063 3602; x_wconf 86' lang='lat' dir='ltr'><strong>dicturus</strong></span> <span class='ocrx_word' id='word_1_243' title='bbox 1077 3533 1227 3599; x_wconf 69' lang='lat' dir='ltr'><strong>&#39;ucundm</strong></span> 
     </span>
    </p>
   </div>
   <div class='ocr_carea' id='block_1_5' title="bbox 115 3557 1234 3724">
    <p class='ocr_par' dir='ltr' id='par_1_13' title="bbox 115 3557 1234 3724">
     <span class='ocr_line' id='line_1_41' title="bbox 115 3557 1234 3724; baseline -0.004 -35"><span class='ocrx_word' id='word_1_244' title='bbox 115 3591 119 3600; x_wconf 19' lang='grc' dir='ltr'><em>Α</em></span> <span class='ocrx_word' id='word_1_245' title='bbox 247 3645 321 3691; x_wconf 82' lang='lat' dir='ltr'><strong>usn.</strong></span> <span class='ocrx_word' id='word_1_246' title='bbox 333 3622 489 3708; x_wconf 88' lang='lat' dir='ltr'><strong>Duplices</strong></span> <span class='ocrx_word' id='word_1_247' title='bbox 503 3623 707 3724; x_wconf 71' lang='lat' dir='ltr'><strong>mepostulas</strong></span> <span class='ocrx_word' id='word_1_248' title='bbox 720 3622 874 3711; x_wconf 75' lang='lat' dir='ltr'><strong>lacrymas</strong></span> <span class='ocrx_word' id='word_1_249' title='bbox 884 3623 1044 3710; x_wconf 88' lang='lat' dir='ltr'><strong>consequi,</strong></span> <span class='ocrx_word' id='word_1_250' title='bbox 1061 3557 1093 3686; x_wconf 75' lang='lat' dir='ltr'><strong>(l</strong></span> <span class='ocrx_word' id='word_1_251' title='bbox 1107 3619 1234 3699; x_wconf 87' lang='lat' dir='ltr'><strong>mulier,</strong></span> 
     </span>
    </p>
   </div>
   <div class='ocr_carea' id='block_1_6' title="bbox 333 3706 1286 4227">
    <p class='ocr_par' dir='ltr' id='par_1_14' title="bbox 334 3706 1286 3968">
     <span class='ocr_line' id='line_1_42' title="bbox 334 3706 1250 3798; baseline -0.004 -24"><span class='ocrx_word' id='word_1_252' title='bbox 334 3709 425 3774; x_wconf 84' lang='lat' dir='ltr'><strong>Filiae</strong></span> <span class='ocrx_word' id='word_1_253' title='bbox 439 3721 503 3775; x_wconf 76' lang='lat' dir='ltr'><strong>tue</strong></span> <span class='ocrx_word' id='word_1_254' title='bbox 516 3709 735 3775; x_wconf 75' lang='lat' dir='ltr'><strong>miseratione:</strong></span> <span class='ocrx_word' id='word_1_255' title='bbox 758 3731 844 3774; x_wconf 92' lang='lat' dir='ltr'><strong>nunc</strong></span> <span class='ocrx_word' id='word_1_256' title='bbox 858 3709 985 3798; x_wconf 89' lang='lat' dir='ltr'><strong>quidem</strong></span> <span class='ocrx_word' id='word_1_257' title='bbox 1000 3707 1150 3772; x_wconf 88' lang='lat' dir='ltr'><strong>nuntians</strong></span> <span class='ocrx_word' id='word_1_258' title='bbox 1164 3706 1250 3771; x_wconf 79' lang='lat' dir='ltr'><strong>mels</strong></span> 
     </span>
     <span class='ocr_line' id='line_1_43' title="bbox 335 3793 1286 3882; baseline -0.001 -22"><span class='ocrx_word' id='word_1_259' title='bbox 335 3795 376 3860; x_wconf 88' lang='lat' dir='ltr'><strong>Ri</strong></span> <span class='ocrx_word' id='word_1_260' title='bbox 420 3795 463 3861; x_wconf 92' lang='lat' dir='ltr'><strong>bo</strong></span> <span class='ocrx_word' id='word_1_261' title='bbox 477 3799 564 3862; x_wconf 90' lang='lat' dir='ltr'><strong>hune</strong></span> <span class='ocrx_word' id='word_1_262' title='bbox 576 3796 716 3874; x_wconf 90' lang='lat' dir='ltr'><strong>oculum,</strong></span> <span class='ocrx_word' id='word_1_263' title='bbox 732 3808 764 3861; x_wconf 91' lang='lat' dir='ltr'><strong>et</strong></span> <span class='ocrx_word' id='word_1_264' title='bbox 777 3795 819 3862; x_wconf 89' lang='lat' dir='ltr'><strong>ad</strong></span> <span class='ocrx_word' id='word_1_265' title='bbox 833 3794 1047 3882; x_wconf 89' lang='lat' dir='ltr'><strong>sepulchrum,</strong></span> <span class='ocrx_word' id='word_1_266' title='bbox 1062 3813 1160 3880; x_wconf 92' lang='lat' dir='ltr'><strong>quum</strong></span> <span class='ocrx_word' id='word_1_267' title='bbox 1176 3793 1286 3878; x_wconf 84' lang='lat' dir='ltr'><strong>pen&#39;it.</strong></span> 
     </span>
     <span class='ocr_line' id='line_1_44' title="bbox 334 3880 1104 3968; baseline -0.005 -21"><span class='ocrx_word' id='word_1_268' title='bbox 334 3883 363 3947; x_wconf 83' lang='lat' dir='ltr'>A</span> <span class='ocrx_word' id='word_1_269' title='bbox 390 3894 456 3948; x_wconf 90' lang='lat' dir='ltr'><strong>erat</strong></span> <span class='ocrx_word' id='word_1_270' title='bbox 470 3884 598 3968; x_wconf 87' lang='lat' dir='ltr'><strong>quidem</strong></span> <span class='ocrx_word' id='word_1_271' title='bbox 614 3895 682 3947; x_wconf 87' lang='lat' dir='ltr'><strong>tots</strong></span> <span class='ocrx_word' id='word_1_272' title='bbox 694 3882 789 3947; x_wconf 90' lang='lat' dir='ltr'><strong>turba</strong></span> <span class='ocrx_word' id='word_1_273' title='bbox 802 3881 934 3948; x_wconf 78' lang='lat' dir='ltr'><strong>Achaici</strong></span> <span class='ocrx_word' id='word_1_274' title='bbox 948 3880 1104 3948; x_wconf 85' lang='lat' dir='ltr'><strong>exercitus</strong></span> 
     </span>
    </p>

    <p class='ocr_par' dir='ltr' id='par_1_15' title="bbox 333 3963 1239 4227">
     <span class='ocr_line' id='line_1_45' title="bbox 335 3963 1239 4055; baseline -0.004 -21"><span class='ocrx_word' id='word_1_275' title='bbox 335 3969 496 4055; x_wconf 84' lang='lat' dir='ltr'><strong>Frequens</strong></span> <span class='ocrx_word' id='word_1_276' title='bbox 510 3983 584 4034; x_wconf 89' lang='lat' dir='ltr'><strong>ante</strong></span> <span class='ocrx_word' id='word_1_277' title='bbox 598 3969 756 4034; x_wconf 89' lang='lat' dir='ltr'><strong>tumulum</strong></span> <span class='ocrx_word' id='word_1_278' title='bbox 770 3980 835 4034; x_wconf 90' lang='lat' dir='ltr'><strong>tuee</strong></span> <span class='ocrx_word' id='word_1_279' title='bbox 849 3967 925 4034; x_wconf 75' lang='lat' dir='ltr'><strong>filiae</strong></span> <span class='ocrx_word' id='word_1_280' title='bbox 939 3968 980 4033; x_wconf 87' lang='lat' dir='ltr'><strong>ad</strong></span> <span class='ocrx_word' id='word_1_281' title='bbox 996 3963 1239 4034; x_wconf 76' lang='lat' dir='ltr'><strong>mactationem:</strong></span> 
     </span>
     <span class='ocr_line' id='line_1_46' title="bbox 333 4054 1192 4142; baseline -0.003 -23"><span class='ocrx_word' id='word_1_282' title='bbox 333 4054 536 4120; x_wconf 89' lang='lat' dir='ltr'><strong>Prehendeus</strong></span> <span class='ocrx_word' id='word_1_283' title='bbox 550 4077 625 4119; x_wconf 82' lang='lat' dir='ltr'><strong>vero</strong></span> <span class='ocrx_word' id='word_1_284' title='bbox 640 4055 771 4121; x_wconf 82' lang='lat' dir='ltr'><strong>Achillis</strong></span> <span class='ocrx_word' id='word_1_285' title='bbox 785 4055 869 4120; x_wconf 89' lang='lat' dir='ltr'><strong>filius</strong></span> <span class='ocrx_word' id='word_1_286' title='bbox 884 4054 1079 4142; x_wconf 84' lang='lat' dir='ltr'><strong>Polyxenam</strong></span> <span class='ocrx_word' id='word_1_287' title='bbox 1092 4073 1192 4120; x_wconf 73' lang='lat' dir='ltr'><strong>manu</strong></span> 
     </span>
     <span class='ocr_line' id='line_1_47' title="bbox 335 4141 1082 4227; baseline -0.001 -22"><span class='ocrx_word' id='word_1_288' title='bbox 335 4141 452 4207; x_wconf 75' lang='lat' dir='ltr'><strong>Statuit</strong></span> <span class='ocrx_word' id='word_1_289' title='bbox 465 4141 499 4206; x_wconf 90' lang='lat' dir='ltr'><strong>in</strong></span> <span class='ocrx_word' id='word_1_290' title='bbox 512 4163 637 4208; x_wconf 90' lang='lat' dir='ltr'><strong>summo</strong></span> <span class='ocrx_word' id='word_1_291' title='bbox 651 4141 785 4222; x_wconf 89' lang='lat' dir='ltr'><strong>tumulo,</strong></span> <span class='ocrx_word' id='word_1_292' title='bbox 801 4163 902 4227; x_wconf 89' lang='lat' dir='ltr'><strong>prope</strong></span> <span class='ocrx_word' id='word_1_293' title='bbox 915 4164 990 4207; x_wconf 87' lang='lat' dir='ltr'><strong>vero</strong></span> <span class='ocrx_word' id='word_1_294' title='bbox 1004 4161 1082 4226; x_wconf 83' lang='lat' dir='ltr'><strong>ego:</strong></span> 
     </span>
    </p>
   </div>
   <div class='ocr_carea' id='block_1_7' title="bbox 0 0 1396 4864">
    <p class='ocr_par' dir='ltr' id='par_1_16' title="bbox 0 0 1396 4864">
     <span class='ocr_line' id='line_1_48' title="bbox 0 0 1396 4864; baseline 0 0"><span class='ocrx_word' id='word_1_295' title='bbox 0 0 1396 4864; x_wconf 95' lang='lat' dir='ltr'><strong> </strong></span> 
     </span>
    </p>
   </div>
  </div>
 </body>
</html>
