2882 4858
515 229 773 302 HELENA.
1131 245 1194 310 087

195 407 316 476 Servati
330 401 403 496 ipai,
417 419 449 472 te
462 429 589 494 quoque
603 407 728 474 tandem
744 429 875 476 wrvare.

103 491 494 572 rua.Proeediteordina‚
510 493 856 582 utordiuevithoapea,
1110 509 1193 568 1000

195 579 347 659 Minium,
361 579 495 646 serentes
509 581 646 646 marinae
660 579 795 658 inferiae,

194 665 247 732 Tu
261 687 346 744 vero,
364 665 502 746 Helena,
518 667 545 730 ai
560 666 617 732 tibi
631 687 697 732 non
712 665 821 732 videor
835 665 916 732 male
930 667 1028 754 loqui,

194 752 399 838 Obtempera,
414 773 507 818 mane
520 751 593 817 hiat
613 749 698 818 idem
713 752 798 818 enim
812 765 844 820 et
856 775 1006 840 praeno,

195 837 236 904 Et
250 839 277 904 ai
293 859 357 903 non
372 837 467 916 adaia,
482 837 577 903 faciet
591 841 706 904 marito
719 851 787 904 tuo.

192 922 306 990 Metuo
319 923 402 990 enim
418 923 488 1001 tibi,
503 945 544 988 ne
558 925 643 1011 quod
657 922 853 989 desiderium
862 935 893 990 te
906 925 1080 1012 corripiens

191 1008 341 1096 Impellat
355 1021 390 1074 te
399 1011 438 1075 ad
455 1007 684 1076 demittendum
699 1031 815 1096 oorpue
829 1011 863 1074 in
876 1011 990 1077 lluatue
1003 1014 1153 1098 marinna,

193 1095 312 1162 Priorie
326 1095 432 1162 mariti
445 1117 547 1162 amm
559 1095 755 1182 perculaama

190 1183 204 1247 l
243 1203 297 1248 um
311 1182 406 1260 enim,
422 1181 494 1248 lieet
508 1203 572 1246 uon
587 1193 784 1269 presentem,
800 1195 905 1248 tamen
919 1181 1013 1250 nimia
1026 1184 1124 1276 lagae

105 1285 185 1332 unt.
242 1267 361 1355 inelyte
375 1267 466 1333 nobis
484 1267 607 1349 marite,
622 1290 746 1334 necesse
760 1279 816 1346 eet,

194 1353 335 1418 Primum
350 1351 524 1420 thalamum
539 1367 572 1420 et
585 1353 844 1420 consuetudinem
859 1355 1030 1440 nuptialem
1108 1367 1191 1427 1400
1257 1422 1262 1432 ,

193 1439 329 1504 Honore
342 1439 481 1506 afficerer
503 1441 661 1542 egoenim
675 1442 761 1527 quod
775 1461 848 1506 amo
862 1437 1021 1522 maritum,

193 1525 296 1591 Etiam
311 1547 383 1590 cum
399 1547 434 1590 eo
448 1547 529 1590 mort
544 1526 672 1591 vellem:
695 1525 750 1591 aed
764 1547 911 1613 quaenam
925 1525 970 1590 illi
987 1529 1114 1607 militae,

190 1613 225 1677 Si
235 1633 308 1678 oum
323 1635 358 1676 eo
372 1627 499 1678 mortuo
512 1612 605 1678 simul
620 1615 783 1677 morerer?
806 1613 873 1678 aine
886 1613 985 1697 igitur
998 1635 1049 1680 me

192 1697 297 1784 lpaam
313 1697 483 1785 proficisci,
498 1711 530 1762 et
544 1697 671 1763 inleriaa
685 1697 762 1763 dare
777 1711 914 1764 mortuo.

191 1783 247 1848 Dii
262 1805 339 1848 vero
353 1783 410 1850 tibi
425 1782 510 1861 dent,
526 1783 631 1872 qualia
645 1805 706 1870 ego
719 1784 825 1869 cupio,

189 1867 232 1934 Et
248 1869 322 1935 huia
336 1869 462 1956 hospiti,
478 1870 563 1956 quod
578 1891 637 1934 noe
653 1869 780 1956 adjuvet
792 1869 826 1934 in
841 1867 902 1935 heo
915 1892 959 1936 re.

143 1976 152 1989 ·
192 1956 451 2108 Habzpppputem
466 1977 517 2021 me
538 1957 640 2038 talem,
655 1955 779 2042 qualem
801 1967 833 2022 ta
853 1957 1000 2024 convenit
1019 1957 1053 2024 iu
1067 1959 1188 2028 edium

357 2063 390 2108 re

191 2127 345 2207 Uxorem,
384 2127 616 2216 nandoquidern
634 2127 784 2194 Menelao
796 2127 953 2194 benefecit

189 2213 233 2278 Et
248 2213 342 2279 milri:
362 2151 437 2280 iaec
450 2217 533 2280 enim
549 2236 614 2279 non
628 2215 746 2280 nemini
757 2210 820 2280 alte
833 2228 970 2281 mentem
985 2219 1141 2284 subeunt:

188 2299 256 2377 Qui
270 2321 345 2365 vero
359 2299 414 2366 det
429 2321 552 2378 navem,
568 2301 600 2366 in
614 2322 678 2388 qua
691 2299 884 2366 abducamur
897 2301 977 2380 heo,
1103 2313 1185 2372 1410

187 2387 308 2452 Mende
321 2387 422 2464 aliem,
438 2401 473 2452 ut
487 2387 641 2472 integram
656 2385 790 2474 gratiam
805 2387 966 2472 accipiam.

102 2471 280 2538 mavorte
293 2485 339 2551 tu,
354 2487 387 2538 et
402 2493 510 2538 navem
525 2472 575 2536 his
591 2471 709 2560 quinqu
754 2472 819 2538 'nte
833 2493 990 2539 remorum

188 2559 352 2624 Sidoniam
366 2557 418 2636 de,
434 2573 466 2624 et
480 2579 639 2624 remorum
653 2577 721 2644 prae
733 2571 828 2624 eetoa.

101 2663 179 2708 aar.
191 2645 311 2710 Annon
324 2643 378 2710 ille
392 2665 504 2710 nerem
517 2644 719 2734 gubernabit,
734 2645 788 2732 qui
803 2655 893 2710 aurat
905 2643 1053 2712 inierim?

100 2749 181 2796 m.
188 2731 327 2815 Oportet
341 2743 452 2797 nautae
466 2751 552 2796 mena
566 2731 710 2816 inprimis
724 2730 798 2796 huie
812 2751 934 2817 parere.

103 2835 181 2881 aar..
190 2815 275 2882 Jube
289 2816 413 2896 iterum,
429 2829 465 2881 ut
478 2816 562 2882 elate
577 2815 673 2882 intelli
739 2831 752 2881 t
766 2829 806 2882 te.

100 2903 308 2970 ramleram
317 2903 427 2990 jubeo,
442 2916 478 2969 ut
492 2901 596 2980 tertio,
611 2902 636 2968 ai
651 2838 835 2989 tipppm

101 3009 179 3054 nm.
192 2987 280 3056 Bene
293 2989 400 3055 eittibi
418 2987 425 3054 l
450 3003 482 3054 et
496 2987 572 3054 milri
588 3001 718 3074 proptor
732 3009 803 3054 mea
816 2987 955 3054 oonsilio„

98 3073 238 3140 realia
252 3096 337 3140 nunc
352 3075 484 3140 nimium
499 3074 647 3162 lacrymis
661 3073 810 3140 conficiar
826 3087 916 3140 tuam
930 3095 1056 3160 corpur.

101 3161 269 3226 urullaee
283 3160 351 3227 dies
366 3161 423 3226 tibi
438 3183 540 3226 meam
555 3161 689 3250 gretiam
705 3160 865 3226 indicabit.
1102 3169 1184 3230 1420

98 3266 179 3312 me.
188 3247 251 3312 Rea
265 3247 460 3312 mortuorum
477 3247 557 3311 nihil
569 3257 647 3326 mni,
664 3247 717 3310 aed
733 3261 856 3312 tautum
871 3246 970 3312 labor.

100 3351 180 3398 uta.
190 3331 248 3397 Eat
262 3331 302 3397 eli
325 3333 381 3399 uid
395 3345 427 3398 et
441 3331 515 3410 illie,
529 3346 562 3399 ot
575 3332 637 3410 hic,
653 3353 753 3398 eonem
767 3354 840 3420 quae
861 3332 971 3420 diligo.

99 3417 261 3484 rumNon
276 3418 316 3483 ha
358 3419 406 3484 bia
420 3441 471 3484 me
484 3419 669 3484 deteriorem
686 3419 834 3484 maritum
850 3418 1007 3484 Menelao.

99 3523 169 3574 nn,
188 3503 242 3570 Tu
259 3525 321 3570 non
336 3527 370 3569 es
384 3505 575 3588 culpandus:
598 3517 712 3570 eventu
727 3517 850 3570 tantum
865 3525 946 3592 opus
961 3503 1038 3568 milri
1053 3517 1111 3571 eat.

98 3609 179 3656 rut.
188 3589 227 3655 ln
238 3592 365 3656 tetiltou
374 3590 500 3674 eailroe,
512 3591 625 3656 aimihi
639 3603 724 3656 tuem
736 3591 985 3656 benevolentiam
993 3590 1185 3676 prestiteris.

99 3697 178 3743 uer..
189 3677 265 3742 Non
279 3699 365 3742 nune
378 3677 516 3762 primum
530 3677 686 3743 discernat
700 3697 806 3742 amare
821 3677 949 3742 amicos.

98 3763 284 3829 rrae.Visne
299 3777 334 3828 ut
347 3786 408 3850 ego
421 3785 473 3828 ont
486 3763 647 3850 adjuvans,
662 3785 771 3828 navem
789 3785 850 3828 una
863 3759 1042 3828 deducam?

99 3869 175 3916 um.
188 3847 327 3914 Minime
340 3869 381 3914 ue
394 3849 509 3916 nerviae
523 3850 584 3914 tuia
598 3851 704 3926 terrie,
721 3849 753 3914 Ο
768 3869 834 3914 rex.

96 3938 254 4022 mange
267 3955 342 4000 vero
359 3935 580 4020 Pelopidarum
595 3937 706 4000 mium
719 3933 830 4000 faciam
846 3935 943 4000 ritua:

185 4019 282 4086 Purae
295 4021 379 4086 enim
395 4033 464 4086 aunt
478 4021 570 4087 nobis
585 4021 685 4086 oedea:
708 4042 771 4084 non
787 4021 871 4086 enim
886 4019 939 4084 hio
1103 4027 1185 4087 1480

182 4109 331 4172 Animam
347 4105 463 4173 efflavit
478 4106 654 4173 Menelaus.
700 4105 760 4172 Eat
775 4121 879 4172 autem
895 4106 1009 4193 aliquia

181 4193 247 4262 Qui
262 4193 347 4258 dicat
361 4196 439 4260 meia
452 4194 594 4280 satrapis,
612 4209 647 4259 ut
660 4193 762 4257 ferant
776 4195 958 4280 nuptiarum

180 4277 328 4346 Donaria
342 4281 374 4346 in
389 4280 519 4346 domum
537 4302 655 4346 meam:
678 4293 803 4366 oportet
817 4293 921 4344 autem
938 4291 1035 4344 totam
