2828 4864
27 89 29 176 r

26 419 28 532 l

478 193 715 262 MEDAEA.
1000 201 1010 218 ’
1089 205 1148 264 185

143 371 269 526 &aab
282 368 516 438 inevitabilibus
530 392 636 436 meum
651 371 772 458 eripere
786 391 913 457 eorpus.
938 393 942 400 ·
1073 389 1078 396 ·

220 481 283 526 uon
297 473 447 524 seeurste
461 455 555 522 nimis
569 457 629 522 ista
642 459 830 544 persequer:
1054 511 1060 520 .

144 545 307 624 Qutmus
319 545 408 610 enim
422 567 474 610 me
482 544 603 629 juvisti,
619 567 683 609 uon
699 543 780 610 mele
794 567 827 612 se
842 567 890 610 res
904 542 1011 610 habet.

146 637 246 719 Atque
258 632 438 698 servatione
451 631 514 696 mei
527 631 649 715 majora
655 631 815 696 bendicie

145 719 305 804 decepisti,
320 739 418 805 quam
433 717 570 794 dederis,
586 715 853 802 quemadmodum
868 740 928 806 ego
936 718 1004 803 jam
1019 715 1134 782 dicem.

147 802 283 870 Primum
298 802 428 890 quid·
442 825 502 888 pro
516 801 651 870 barberu
665 817 750 868 terra
763 803 798 868 in
814 803 929 870 Grsece

1081 466 1146 526 5³0

26 929 27 944 κ
146 889 244 956 Terra
258 891 396 968 habitas,
409 903 441 956 et
454 889 517 955 seis
525 891 578 975 jus

26 1005 27 1050 ς
148 975 210 1041 Er}
250 976 395 1054 ibuauti,
412 999 475 1042 uon
490 974 682 1060 pruritibus
697 998 809 1064 agere:

147 1061 204 1128 Dei
281 1084 392 1127 omnes
407 1062 514 1128 Graeci
528 1077 693 1128 senserunt
708 1075 739 1126 te
752 1085 819 1128 esse
833 1061 1042 1150 ingeniosam,

149 1147 186 1212 Et
198 1149 313 1236 adepta
327 1145 361 1212 ἀ
374 1147 528 1238 gloriam:
550 1148 575 1212 si
591 1147 712 1214 veroin
728 1149 879 1214 extremis
894 1163 987 1214 terrm

147 1233 273 1300 i'mibua
287 1234 456 1312 habitares,
472 1233 560 1300 nulla
574 1235 662 1300 lieret
675 1235 796 1300 mentio
810 1235 866 1300 tui.

147 1319 557 1407 llibirerouequesururn
572 1320 739 1408 sitdomi,¹
1011 1349 1016 1364 ·
1080 1327 1144 1386 eto

148 1407 210 1472 Nee
224 1407 358 1493 Orpbeo
371 1429 499 1474 carmen
514 1429 626 1472 sonare
638 1404 802 1491 pulchrius
817 1405 919 1486 velim,

147 1493 211 1558 bisi
225 1494 358 1560 illustris
371 1493 450 1558 mihi
464 1493 629 1582 continget
642 1491 780 1559 fortuna.

147 1581 245 1666 Atque
259 1579 330 1646 brec
345 1579 474 1666 quidem
489 1579 546 1644 tibi
561 1581 602 1644 de
616 1581 693 1644 meis
708 1579 869 1645 laboribus
916 1597 933 1617 ··
1034 1649 1043 1662 ,

146 1666 434 1744 Dixi-eenameu
448 1666 532 1730 euim
547 1679 581 1731 tu
597 1667 788 1752 proposuisti
803 1665 1017 1732 verborum-

146 1755 187 1818 At
200 1775 271 1840 quse
286 1751 365 1818 mibi
380 1753 421 1818 de
435 1752 555 1838 nuptiis
568 1753 663 1840 regiis
676 1751 832 1838 objecisti,

147 1837 182 1904 tn
196 1837 255 1905 boo
269 1837 455 1906 monstrabo
468 1839 607 1925 primum
621 1839 749 1924 quida
764 1837 849 1924 quod
864 1839 922 1937 sim
938 1835 1088 1922 prudeus,

25 1915 26 1962 3
146 1923 265 1990 Deinde
278 1945 470 2012 rumpemus,
484 1925 623 2010 denique
636 1923 694 1988 tibi
708 1947 843 2012 maguus
857 1945 976 1988 amictu

149 2009 187 2074 Et
201 2014 275 2078 meis
289 2011 417 2078 liberis:
440 2011 493 2078 sed
508 2033 602 2077 mene
616 2012 732 2096 quiete.

25 2127 26 2146 r
148 2095 389 2186 Prutquambus
403 2099 474 2162 reni
489 2119 529 2164 ex
544 2097 642 2164 lolcia
656 2111 749 2174 terra,
1072 2149 1076 2160 .

25 2251 26 2264 ¹
149 2181 386 2250 Mutamecum
402 2183 528 2250 trahens
543 2181 878 2260 maleineatricabilie,
1078 2191 1143 2248 ⁵50

146 2269 312 2346 Quodnam
328 2270 497 2336 consilium
510 2269 573 2336 hoc
586 2267 698 2334 melius
712 2269 883 2354 potuissem
898 2269 1049 2346 iuvenire,

146 2355 246 2432 Quem
260 2357 379 2424 ducere
392 2357 491 2422 liliam
505 2357 599 2444 regis,
614 2379 686 2421 cum
701 2377 800 2422 essem
816 2353 915 2420 exul?

147 2441 225 2522 Nou,
240 2467 306 2532 quo
320 2445 456 2532 augeria,
471 2441 546 2508 odio
560 2441 687 2530 quidem
703 2441 821 2508 babens
836 2456 926 2508 tuuru
945 2439 1142 2530 conjugium,

148 2529 368 2618 Psrmlsusque
382 2530 539 2596 desiderio
553 2551 645 2594 uorae
658 2551 792 2614 sponsae,

24 2685 25 2712 ¹
147 2615 173 2680 N
212 2641 251 2682 ue
261 2617 407 2682 oerrstim
421 2638 620 2682 numerosam
629 2617 769 2680 sobolem
781 2613 1144 2700 procreerestudensr-

220 2705 308 2768 ciunt
323 2703 408 2768 enim
422 2703 477 2789 qui
491 2703 559 2768 rreti
573 2715 656 2780 sunt,
672 2723 731 2766 uec
746 2703 813 2766 ideo
827 2721 1005 2788 conqueror
1012 2721 1066 2762 :-

146 2789 203 2854 set
218 2789 303 2876 quod
319 2790 491 2854 maximum
505 2801 562 2866 est,
579 2803 616 2853 ut
628 2787 795 2853 commode
810 2787 994 2864 viveremus,

147 2875 250 2964 lisque
266 2877 376 2961 iuopia
390 2875 618 2950 laboraremus,
633 2874 734 2938 sciens
748 2873 834 2958 quod

146 2959 316 3048 Pmperem
329 2983 439 3028 omues
452 2961 545 3026 amici
560 2959 671 3046 procul
686 2961 823 3048 lugiunt,

147 3045 186 3112 u
214 3063 250 3114 ut
278 3049 397 3114 liberos
420 3045 600 3124 educerem,
628 3044 896 3134 quemadmodum
925 3041 1018 3108 docet
1039 3065 1142 3108 meam
1247 3109 1255 3124 ,

223 3135 387 3212 familiam,
1078 3137 1142 3196 560

147 3217 185 3286 Et
196 3220 332 3310 gignens
344 3221 457 3288 iratres
471 3219 578 3286 liberis
588 3242 628 3286 ex
643 3233 674 3286 te
681 3221 858 3304 procreatis

146 3305 181 3372 lu
197 3331 295 3410 upum
303 3329 408 3408 penus
421 3309 662 3384 committerem,
675 3321 708 3372 et
717 3308 855 3394 jungens
867 3325 973 3391 genus,

24 3405 25 3408 ’
146 3393 268 3460 hom
282 3415 429 3460 merem.
471 3393 543 3460 Tibi
559 3393 644 3458 enim
658 3391 771 3480 ecquid
785 3413 867 3476 opus
881 3403 928 3454 est
938 3388 1056 3468 liberis,

144 3479 184 3548 Fe
197 3479 275 3546 mibi
288 3479 439 3546 oooducit
455 3479 567 3548 suturis
580 3479 687 3545 liberis

146 3563 217 3642 los.
232 3569 286 3654 qui
302 3567 554 3653 riruuajurere.
598 3563 688 3632 Male
703 3561 901 3630 consultari?

145 3651 191 3718 Ne
205 3669 239 3718 tu
254 3653 384 3740 quidem
399 3653 519 3718 diceros
535 3653 606 3732 boc,
623 3653 680 3716 uisi
695 3665 868 3738 resugeret
880 3663 978 3716 torus.

144 3739 204 3804 Sed
218 3763 257 3806 eo
270 3740 394 3818 venitis,
410 3753 456 3818 ut,
471 3761 544 3804 euru
558 3751 642 3804 recte
656 3737 799 3804 sehabet

144 3825 346 3914 conjugium,
362 3827 477 3911 putetis
491 3848 546 3890 ros
560 3823 707 3890 mulieres
723 3823 831 3889 omnia
845 3823 971 3898 habere,

141 3909 238 3990 Quod
251 3913 278 3978 si
293 3927 406 3980 eontra
418 3911 580 3978 mlamites
591 3911 697 3998 aliqua
711 3909 857 3976 inciderit
867 3909 899 3972 in
915 3903 1109 4008 conjugium,

145 3995 247 4064 tum
260 4021 299 4064 ea
312 4021 386 4086 quar
406 4013 481 4064 suut
501 3999 624 4084 optima
637 4015 669 4064 et
690 3995 912 4083 pulcherrimo,
928 3992 1145 4146 inimicissime

143 4169 279 4238 Ducitis.
324 4171 504 4259 Oportebat
520 4185 626 4236 sutem
644 4169 788 4236 homiues
800 4162 929 4232 aliunde

24 4321 25 4348 r
141 4255 283 4346 Glssffl
296 4257 424 4338 libetur
438 4281 541 4347 neque
554 4279 621 4322 esre
630 4279 735 4408 persus
748 4253 918 4322 muliebre:

591 4363 614 4410 Κ
