2828 4864
245 229 306 288 143
401 147 411 166 ⁹
622 207 941 278 EURIPIDIS

329 385 456 456 Etmim
464 385 535 472 jem
547 383 637 448 muti
650 381 776 448 abunde
789 381 906 448 vietum
922 382 1109 448 Invenerunt
1120 383 1243 466 M,

329 475 536 559 comumque
548 469 721 534 liberorum
736 467 778 533 ed
791 468 988 554 pubertatem
1003 481 1228 556 peneumt,

329 561 477 646 Bonique
489 567 671 622 euenerunt:
694 554 722 619 ei
735 567 841 620 temen
856 569 1003 620 ooeumt
1255 561 1362 620 110⁰

332 647 472 714 Doemon
486 643 554 721 inte,
569 639 720 707 evanidus
733 640 776 706 ud
791 639 959 706 Plutonem
1074 657 1078 666 ·

330 731 425 798 More
438 731 541 796 ferens
555 747 690 812 oorporn
702 726 885 792 liberorum.

332 815 509 896 Quomodo
522 813 619 903 igitur
633 811 762 898 prodest
774 827 892 898 praeter
904 811 983 878 nlioe

333 904 436 970 Hune
449 902 543 967 etiem
557 899 793 965 acerbissimum
807 899 951 965 dolorem

215 993 219 1004 ’
335 991 401 1056 Pro
425 1000 474 1054 ter
488 987 658 1052 liberorum
674 998 807 1050 mortem

335 1075 388 1142 Ad
412 1097 465 1140 ere
478 1073 567 1139 Deo·
582 1069 786 1137 hominibus?

248 1161 466 1238 uuunminae,
476 1157 669 1247 jampridem
684 1155 871 1242 proestoiune
884 1167 1032 1222 eventum
1044 1157 1192 1240 fortune,

336 1248 482 1334 Expecto
495 1245 537 1311 nb
551 1243 605 1310 iliu
735 1266 800 1332 quo
813 1265 863 1308 ree
876 1243 917 1309 eit
930 1265 1051 1310 casura.

337 1333 497 1422 Equidem
513 1330 605 1397 video
643 1352 707 1394 une
719 1352 761 1394 ex
776 1329 902 1394 Jenonin

336 1419 495 1486 Idioietrin
508 1416 685 1482 venientem
700 1415 813 1501 spiritu
827 1413 956 1501 quidem
970 1427 1139 1496 oommoto‚
1261 1427 1364 1487 1110

339 1504 507 1594 significat
519 1515 636 1579 eutem,
651 1523 684 1566 ee
698 1523 815 1567 novum
826 1500 954 1589 uiiquod
969 1501 1088 1567 mnium
1102 1505 1362 1574 nancietum.

253 1591 376 1660 numo
414 1613 463 1656 une
478 1589 581 1654 dirum
595 1587 715 1653 fucinus
725 1588 826 1675 impie
839 1588 982 1672 patrasti,

182 1715 204 1756 0
254 1685 258 1692 '
340 1676 379 1742 Μ
494 1675 578 1763 iuge,
594 1673 676 1763 fuge,
692 1695 797 1760 neque
811 1673 952 1739 neveiem

341 1762 535 1850 Relinqueue
549 1781 686 1838 currum,
702 1781 805 1846 neque
817 1759 997 1824 vehiculum
1009 1771 1093 1826 terre
1105 1761 1246 1830 mlo-ns.

255 1849 432 1926 neeoQuid
447 1869 523 1912 vero
537 1847 615 1912 mihi
629 1847 762 1935 dignum
777 1845 838 1911 hoc
852 1845 946 1912 exilio
955 1857 1114 1930 patratum
1128 1847 1200 1914 eet?
1256 1923 1263 1936 ,

258 1933 457 2004 unmPueIIu
470 1935 559 2022 regin
573 1932 669 1999 modo
683 1933 777 2018 periit

222 2075 231 2086 .
343 2021 389 2086 Et
403 2021 508 2086 Creon
522 2019 578 2107 qui
591 2042 657 2084 eum
667 2020 787 2106 genuit,
802 2021 864 2085 tuin
877 2019 1128 2086 ineuntnmentin.

257 2105 599 2175 uenl‘ulcherrimum
612 2127 790 2170 sermonem
804 2103 921 2183 dixisti,
938 2107 1020 2172 inter
1032 2105 1249 2173 benefactore·

345 2191 390 2257 Et
403 2191 522 2256 amieos
536 2212 622 2256 meon
635 2191 767 2277 posthac
773 2193 839 2278 jum
855 2193 926 2256 erie

257 2277 433 2354 nuuQuid
448 2275 517 2342 eis?
537 2299 579 2342 nn
593 2292 678 2343 reete
691 2279 786 2363 sepis,
801 2291 833 2341 et
848 2299 910 2344 non
925 2277 1056 2360 iunonis,
1069 2278 1194 2359 mulia,
1269 2292 1369 2356 1120

257 2389 261 2399 ¹
346 2363 431 2440 Qum
445 2384 520 2428 eum
536 2363 652 2448 injurie
665 2363 805 2430 effeceris
818 2363 899 2428 Ieron
914 2365 1017 2451 regios

348 2449 476 2515 Geudoe
489 2449 631 2524 audiens.
646 2461 679 2515 et
693 2473 756 2514 nnn
772 2451 885 2514 metuis
898 2449 993 2515 Iuee?

260 2535 421 2620 tenuligo
433 2537 528 2600 etium
543 2555 671 2618 possum
688 2535 807 2623 uiiqnid
821 2547 934 2601 oontru
947 2548 1004 2602 tue

347 2620 457 2686 Verba
470 2620 592 2686 dicere:
615 2621 670 2686 ned
684 2644 725 2686 ne
739 2623 1048 2708 nimium-properes,
1063 2623 1173 2702 emine,

346 2708 468 2773 Verum
482 2729 605 2785 enuere,
621 2708 783 2794 quomodo
794 2707 962 2794 perierint:
984 2729 1059 2773 num
1073 2707 1121 2773 bie
1134 2721 1264 2780 tentum

348 2794 417 2859 Nos
429 2792 643 2871 delectaverie,
658 2793 832 2880 eipeseime
845 2793 909 2858 nint
921 2793 1050 2860 monui.

264 2881 522 2968 nun.I'ostqnum
535 2881 664 2968 gemine
677 2880 799 2945 soboles
813 2893 940 2945 tuorum
955 2879 1127 2946 liberorum
1143 2885 1231 2950 venit

350 2966 434 3031 Cum
449 2978 551 3050 putre,
564 2979 596 3030 et
611 2965 749 3050 ingressu
764 2977 812 3030 ent
826 2965 984 3051 nuptiales
998 2965 1092 3044 tedes,

351 3051 461 3116 Gavisi
475 3073 595 3131 numus,
610 3053 667 3139 qui
680 3053 742 3116 tuis
754 3052 975 3118 lubortbnmue
989 3053 1091 3132 mulie,

352 3135 495 3202 Famulie
517 3159 573 3222 per
587 3159 678 3203 eume
691 3160 767 3204 vero
781 3138 886 3203 stetim
901 3138 967 3204 ibet
981 3139 1097 3204 multus
1107 3161 1221 3219 nermo,
1276 3155 1378 3219 1130

349 3224 398 3288 Te
412 3236 444 3288 et
457 3237 547 3288 tuum
562 3225 709 3289 meritum
724 3223 887 3290 diremisse
922 3225 1038 3291 tionem
1052 3226 1256 3296 dienoudinm.

351 3307 565 3375 Oeeulubetur
592 3321 699 3375 antem
728 3311 808 3377 nlius
843 3245 972 3398 quidem
1001 3331 1141 3394 menum,
1169 3313 1254 3382 elius
1286 3343 1381 3390 vero

438 3394 554 3460 flevum
565 3409 662 3482 ceput
868 3435 873 3446 ·

355 3482 550 3547 Puerorum:
573 3503 633 3566 ego
647 3503 721 3548 vero
735 3495 768 3547 et
781 3480 849 3568 ipse
861 3503 930 3570 pene
943 3483 1055 3550 laetitio

356 3567 459 3634 Simul
473 3581 545 3633 tuos
559 3565 642 3634 filios
656 3565 829 3634 comitabar
844 3571 876 3634 in
891 3570 1041 3636 oonolnve
1054 3569 1233 3640 mulierum.

265 3663 269 3677 '
354 3654 498 3722 Domina
511 3675 596 3731 vero,
611 3677 706 3756 quem
722 3675 807 3720 nunc
821 3677 881 3742 pro
894 3669 926 3721 te
939 3657 1085 3738 oolimue,

356 3740 546 3827 Prinequnm
561 3739 688 3806 vidoset
701 3761 760 3826 per
774 3753 901 3807 tuorum
915 3741 1100 3824 liberorum,

356 3825 509 3894 Hubebet
522 3839 706 3912 promptum
720 3830 847 3892 oculum
861 3829 895 3894 iu
909 3825 1075 3896 Iunonem:

356 3911 484 3978 Deinde
499 3934 573 3978 vero
587 3913 666 3978 texit
680 3911 799 3990 oeulos,

357 3997 401 4064 Et
416 4011 502 4063 tetro
517 3997 630 4064 evertit
643 3998 794 4064 candidus
807 4021 915 4088 geone

357 4083 555 4148 Abominunn
570 4085 746 4173 ingressum
760 4105 950 4171 pueromm:
972 4087 1027 4154 ted
1043 4091 1173 4158 metitus
1188 4103 1266 4160 tum
1280 4105 1387 4170 1140

358 4168 499 4236 Abstulit
512 4171 590 4236 irum
605 4185 638 4238 et
652 4169 745 4236 bilem
761 4169 888 4255 puellm,

359 4254 444 4326 Haec
456 4254 583 4324 diceus:
606 4279 648 4324 no
662 4259 703 4324 eis
718 4257 845 4326 inimice
859 4259 977 4338 uminis,
