2824 4860
473 207 738 280 nucum.
1112 237 1151 296 19

148 377 657 472 Omatumcolligmaanptiria
675 387 873 469 inclinibus,
1085 409 1152 468 610

147 465 231 543 Quae
244 465 323 536 mibi
337 469 516 536 assistentes
529 470 600 538 bane
612 472 697 538 intra
709 478 847 541 stataria

148 553 320 632 Habitant,
331 555 358 622 si
372 555 531 642 numiam
546 579 647 624 novas
659 558 810 628 dontinus

147 639 270 708 Laesa
279 639 378 708 babet
390 643 556 730 quoddaut·
564 643 687 714 furtum
699 671 742 714 aa
753 671 812 715 sua
821 649 930 718 domu.

147 726 312 812 Ospacias
323 730 460 808 adium,
472 729 506 796 0
517 731 681 818 quondam
694 733 774 800 felix
784 737 910 821 domna,

145 812 178 878 Ο
190 813 332 900 plurima
344 829 458 882 tenens
468 817 755 911 pulcherrimaque,
768 821 1067 895 felicissime-libaria

144 899 280 978 Priame,
294 923 438 990 anusque
449 925 510 991 ega
525 916 626 970 mater
638 905 824 988 liberarum,

143 985 252 1062 Quam
267 989 307 1053 ad
323 987 404 1054 nibil
416 989 772 1080 deveniremupecbia

143 1072 250 1139 Priori
264 1073 401 1162 spoliati.
444 1075 573 1144 Deinde
585 1090 692 1145 tamen
707 1084 920 1164 tumescimus,

141 1159 270 1248 Aliquis
283 1159 416 1248 quidm
426 1169 574 1228 usurum
585 1165 782 1233 divitibuain
796 1169 954 1252 domibus,

140 1246 234 1312 Alius
247 1269 327 1312 varo
338 1248 372 1312 iu
386 1248 470 1314 cives
484 1247 683 1318 honorabilis
694 1269 835 1322 scamus.
875 1257 877 1262 ’
1078 1268 1145 1330 020

142 1331 229 1398 Haec
242 1333 323 1398 nihil
335 1345 415 1400 acm.
459 1335 623 1404 Incassum
637 1361 786 1408 eumcum
801 1345 943 1426 consilia,

140 1420 246 1509 liugn
300 1421 521 1504 uniuersalis.
565 1424 626 1490 Ille
637 1425 844 1508 felicisdmm

143 1504 205 1572 cai
216 1506 258 1572 da
296 1507 325 1573 'e
337 1508 372 1573 ia
386 1508 472 1574 diam
485 1509 566 1576 nihil
580 1511 695 1580 accidit
707 1514 795 1583 mali.

62 1591 557 1680 cno.lll1biopastsbstalsdsm,
1059 1607 1141 1689 (atr.)

139 1677 225 1745 Mihi
239 1682 408 1766 opntabat
420 1679 630 1750 iulcrtrmiam
644 1687 796 1768 maidens,

140 1765 407 1854 lunamqusndo
419 1769 559 1855 primum
573 1771 696 1857 sylvam

140 1853 325 1919 Alexander
338 1853 508 1921 abietinam
719 1907 722 1918 ,

139 1939 283 2017 &cubat
298 1940 400 2005 salum
414 1963 472 2028 per
486 1943 641 2008 tumidum
658 1945 861 2032 navigaturus

139 2024 278 2091 Helena
293 2026 335 2091 ad
349 2026 517 2106 thalamos,
532 2050 627 2114 quam
686 2031 689 2040 ’

139 2111 392 2181 Pulcherrimam
406 2115 589 2180 auricomus
1074 2131 1139 2190 630

140 2200 194 2269 Sol
207 2199 307 2266 radiis
321 2199 384 2264 auis
399 2201 520 2284 aspicit.
1145 2255 1147 2260 a

137 2287 280 2354 Labores
292 2287 377 2352 enim
393 2299 425 2351 et
439 2285 601 2352 laboribus
1043 2297 1139 2378 (aad.)
1255 2355 1257 2360 ,

138 2372 347 2440 Necessitates
361 2371 529 2440 validiores
545 2375 684 2462 undique
698 2375 895 2442 circundant.

139 2461 321 2547 Utrumque
335 2470 440 2524 autem
455 2481 497 2526 au
510 2461 641 2547 propria
654 2462 792 2528 amentia

138 2547 264 2613 Malum
281 2546 483 2614 Simoenticas
497 2559 591 2612 terrac

138 2633 277 2699 Exitiale
289 2633 386 2709 venit,
401 2633 623 2720 calamitasque
637 2633 678 2698 ab
692 2633 776 2700 aliis.-

88 2733 93 2740 '
137 2720 286 2788 Judicata
298 2732 347 2788 ast
359 2741 434 2786 voeo
450 2721 497 2798 lis,
509 2743 606 2806 quarn
619 2719 651 2783 in
669 2721 701 2792 Ι.

136 2807 341 2894 dajudicavit
354 2808 436 2870 inter
450 2819 512 2870 tres
526 2805 663 2871 felicium
680 2811 815 2873 &macc

139 2893 233 2958 Filias
248 2895 299 2957 vir
311 2905 429 2978 pastor,

139 2979 175 3044 ln
191 2981 323 3058 hastam,
341 2981 372 3044 in
388 3001 508 3056 necem,
523 2991 555 3043 ct
569 3001 709 3044 mearum
723 2979 840 3044 aedium
853 2981 1003 3058 exitium:
1023 2985 1136 3068 (epod.)

139 3066 333 3132 Gemitvero
341 3079 373 3130 et
383 3065 490 3153 aliqua
498 3065 883 3152 circapulcbre-llucntern
895 3069 1050 3135 Eurotam
1072 3079 1132 3137 641

137 3153 273 3218 Lacaena
287 3153 432 3240 lacrymis
446 3151 589 3220 conlecta
603 3152 690 3218 domi
705 3153 820 3240 puella,

138 3239 326 3326 Canumque
339 3241 372 3304 in
388 3252 484 3325 caput
497 3251 607 3316 mater,

137 3325 262 3392 Liberis
275 3326 420 3407 mortuis,
431 3327 523 3412 pouit
536 3347 675 3403 manum,

133 3413 313 3499 Laniataue
328 3433 453 3496 genam,

132 3501 309 3566 Cruentum
326 3521 367 3564 un
393 3521 465 3564 uem
478 3497 615 3566 reddens
628 3497 881 3564 lacerationibus.

58 3605 123 3652 arc.
132 3587 164 3652 O
179 3586 352 3666 mulieres,⁴
393 3587 495 3652 ecubs
507 3586 637 3651 ubinam
652 3599 700 3652 cst
712 3585 934 3664 infelicissima,

132 3672 217 3750 Quae
231 3695 341 3738 omnes
356 3673 453 3737 vincit
467 3673 562 3750 viros,
577 3686 610 3738 et
623 3672 809 3740 muliebrem
822 3672 1006 3760 progeniem

132 3759 399 3826 calamitatibus?
423 3759 527 3824 Nemo
546 3759 587 3824 de
600 3782 720 3824 corona
733 3759 877 3825 certabit.
938 3793 946 3816 x

59 3863 125 3910 cuo.
135 3845 226 3924 Quid
241 3869 328 3925 vero,
345 3845 378 3912 Ο
391 3845 516 3928 misera,
528 3867 602 3911 cum
613 3861 671 3912 tuo
680 3845 1136 3931 lingue-ominosaeclamora?

130 3933 263 4020 Quippe
277 3955 442 4020 nunquam
456 3933 621 3998 dormiunt
638 3935 738 3999 tristia
751 3948 807 3998 tua
820 3932 991 4018 preconia.
1071 3943 1130 4002 6⁵1
1175 3993 1179 3997 .

59 4036 122 4084 tue.
133 4019 284 4086 Hecubae
296 4019 395 4085 affero
408 4019 495 4086 bunc
509 4021 649 4085 dolorem
663 4045 672 4085 ι
697 4021 735 4084 ln
750 4021 839 4084 malis
854 4043 929 4084 vero

129 4107 208 4174 Non
221 4105 315 4173 facile
329 4106 514 4174 bominibus
527 4107 601 4172 leta
616 4107 722 4175 dicere
735 4129 780 4170 os.

60 4196 233 4282 eao.ntqui
247 4193 357 4280 prodit
371 4217 410 4260 ex
425 4193 546 4259 mdlbus
598 4289 618 4342 2

564 4301 582 4344 c
