2852 4862
501 199 569 272 Bt
582 201 612 270 C
623 201 653 272 C
666 203 703 274 H
715 203 771 274 Ε.

178 379 347 448 Montibus
360 377 517 446 mochona
531 379 627 446 enoris
640 382 892 470 purgationibus,

178 467 221 534 Et
237 466 346 533 matris
361 487 486 554 magnoe
501 467 591 554 orgia
606 465 635 537 C
657 467 741 532 boios
750 467 871 546 nolent,

176 553 404 641 'l'bymumque
418 551 574 653 quotiens,
590 567 622 620 et
766 568 939 622 mansor:

177 639 357 726 Dionysum
373 640 459 704 oolrt.
634 641 639 650 '
1202 711 1210 724 ,

178 724 227 792 lte
242 724 390 802 Bnooboe,
406 725 449 790 ito
465 723 612 804 Bacoboe,
630 725 796 793 Bromium
810 727 904 802 deum
919 727 972 796 dai
986 727 1087 796 filiun:
1139 737 1181 796 80

175 811 360 900 Dionysum
376 809 567 878 dedrmentes
581 834 622 878 ex
642 811 789 902 Phrygiis
801 836 891 886 mon-

177 898 263 964 tibus
279 899 311 964 in
328 899 415 963 vicos
430 897 509 962 latos
525 897 675 976 Graeoioe,
692 899 778 966 buno
791 901 973 968 Bromium:

178 985 283 1064 Quem
299 984 374 1050 olim
390 1005 461 1050 oum
477 999 557 1050 esset
569 985 603 1050 in
615 999 723 1073 putus
731 989 1123 1074 puerparisnaoessi·(ont.
1138 990 1181 1072 1.)

176 1071 306 1152 tutibus,
320 1069 488 1136 advolante
500 1069 589 1136 Joris
601 1073 734 1150 tonitru,

179 1157 283 1226 Utero
297 1158 429 1244 ejectum
445 1170 547 1222 mater
559 1179 592 1223 a·

177 1244 271 1325 didit,
285 1243 465 1331 relinquens
478 1243 575 1309 uitam
588 1242 740 1312 fulmineo
752 1245 865 1334 plaga:

181 1329 468 1480 PuerperirJuutenr
483 1330 646 1397 eonfestim
661 1332 765 1417 ipsum
778 1333 902 1420 excepit
915 1332 1061 1400 thalamis
1071 1333 1182 1400 Satur-

263 1439 335 1483 urus
371 1437 392 1480 u
416 1431 491 1481 ster:

179 1503 222 1570 Et
236 1438 443 1568 oooultanspin
457 1501 574 1568 femore
588 1505 691 1570 aureis
705 1503 862 1572 eonolusit

180 1589 301 1656 Fibulis
316 1588 459 1656 abditum
474 1611 493 1654 a
507 1589 528 1654 J
531 1611 645 1654 unone.

181 1675 308 1762 Peperit
318 1697 403 1752 nero,
432 1675 540 1740 nando
547 1674 907 1762 Psrosspersooeruntco
949 1679 956 1692 '
998 1677 1180 1758 rumdam,

181 1761 223 1828 Et
236 1761 398 1828 ooronavit
409 1698 584 1827 draconum
599 1765 699 1840 sertis,
715 1762 801 1828 unde
814 1761 955 1847 prsedrun
983 1765 1040 1830 eti·
1138 1773 1176 1832 91

179 1847 277 1914 feram
294 1847 461 1914 Maenades
475 1847 619 1935 injiciunt
634 1849 774 1936 undique
788 1849 937 1916 crinibus.

179 1933 211 2002 Ο
226 1933 349 2000 Theba:
366 1934 502 2000 nutrices
517 1935 667 2014 sancus,
1053 1941 1118 2024 (etr.
1134 1939 1180 2021 2.)

180 2019 386 2086 Coronamini
402 2020 534 2086 beders:
789 2071 796 2084 .

179 2105 313 2185 norea,
328 2107 439 2172 florete
453 2106 545 2174 viridi

179 2191 314 2260 Smilace
324 2191 818 2280 putchms-hsbenmsorymtos,

180 2279 224 2346 Et
237 2278 435 2346 machamim
450 2301 583 2366 quercus

179 2368 247 2433 Aut
261 2365 372 2430 abietis
387 2365 553 2431 frondibus
567 2377 696 2444 omotae,

179 2451 223 2518 Et
237 2464 352 2518 vatem
366 2451 596 2518 maculosamm
611 2452 955 2538 pallium-aeminarum

179 2537 292 2604 Velate
305 2537 511 2604 candidorum
526 2560 675 2626 peoorum
1123 2547 1181 2606 100

179 2623 374 2690 Velleribus:
398 2624 516 2690 circum
532 2637 636 2691 auten:
650 2623 767 2691 ferulas
781 2639 943 2711 proterva:

180 2709 442 2800 congregamini:
466 2733 541 2776 mox
555 2725 640 2777 terra
653 2712 756 2776 omnis
770 2725 842 2800 aget
854 2711 985 2777 choreus

181 2797 330 2864 Bromius
344 2798 418 2862 enirn
431 2807 486 2876 ert,
502 2798 556 2884 qui
572 2798 685 2863 oboros
697 2798 788 2864 duait

181 2884 219 2950 in
230 2897 382 2964 montem,
396 2885 429 2948 in
445 2899 596 2962 montem,
612 2884 667 2952 nbi
681 2899 789 2950 manat

182 2969 351 3036 Muliebris
364 2970 458 3036 turbu

179 3061 209 3123 A
224 3056 306 3134 telis,
322 3069 355 3122 et
367 3079 387 3121 n
401 3057 498 3122 radii:

179 3143 300 3209 Furore
314 3144 451 3208 excitas
467 3143 604 3210 Bsocbo.

178 3227 468 3298 Oooutubemium
485 3229 639 3296 Curetum
1040 3233 1120 3314 (ont.
1132 3233 1176 3316 2.)

179 3315 222 3382 E:
235 3315 336 3382 divini
351 3316 518 3383 Cretenses

178 3401 323 3470 Natalitii
337 3401 426 3469 Jovis
442 3403 466 3468 S
526 3425 572 3481 us,
1117 3409 1179 3467 110

179 3487 246 3558 Ubi
260 3487 418 3576 uiplioern
566 3499 726 3577 ganatos
739 3489 772 3554 in
786 3489 885 3554 antris

181 3575 282 3642 Hunc
296 3575 432 3660 tymni
444 3573 616 3642 rotundum
631 3574 740 3640 orbem
756 3575 910 3642 bunum
926 3573 1025 3654 sorio,

179 3661 373 3728 Invenerunt
386 3661 463 3727 mibi
479 3661 694 3748 Corybantes:

179 3747 223 3814 Et
234 3749 266 3813 in
284 3747 448 3814 Beodriois
461 3749 559 3814 :soris
573 3749 726 3814 oontinuo

179 3833 382 3902 Misenemnt
395 3833 561 3900 dulcisono
577 3833 790 3922 Phrygiarum

178 3921 346 3988 Turnum
361 3921 449 3999 datu,
464 3921 629 4009 Rbsaeque

180 4007 300 4074 Manus
310 4021 498 4094 posuerunt,
513 4008 545 4072 in
561 4006 707 4073 cantibus
724 4005 922 4076 Brochorurn
938 4003 1071 4090 pulubre
1091 4001 1183 4070 adso·

261 4109 408 4162 mutem:
480 4115 484 4122 '

178 4179 278 4248 Jaxu
291 4201 366 4247 vero
380 4179 519 4248 furones
533 4179 639 4266 satyri

180 4267 259 4334 Du
272 4267 382 4338 mebi:
395 4289 485 4336 :omo
498 4277 704 4356 paregmnnt:
