2888 4856
397 192 655 262 HERCULES
678 193 875 264 FURENS.
1113 207 1180 268 0⁰3

176 365 300 432 Praeter
313 387 401 451 spem
417 369 573 454 apparuit,

175 451 320 540 Tempus
334 475 408 518 vero
421 453 560 520 ostendit
574 454 769 541 splendidam

176 539 335 604 Virtutem
352 539 521 606 Herculia:

175 624 242 702 Qui
257 647 295 690 ex
310 627 522 712 penetralibus
536 640 630 692 terrm
644 627 746 704 rediit,

177 710 302 776 Relicta
314 712 411 776 domo
424 713 572 778 infernali
588 711 745 778 Plutonis.

174 797 292 862 Melior
307 797 385 862 mihi
398 812 445 863 est
459 801 512 884 qui
527 802 665 864 nascitur
683 799 767 876 Rex,

174 882 282 961 Quam
299 883 459 971 ignobiles
472 885 603 950 domini.

174 968 273 1045 Quod
287 991 373 1034 nunc
388 971 502 1035 intueri
517 972 639 1056 copiam
656 971 712 1037 dat

175 1053 393 1121 Ensiferorum
406 1057 439 1120 in
454 1057 662 1122 certaminum

175 1139 398 1220 contentione,
414 1143 439 1206 ai
454 1141 582 1209 Justitia

175 1225 249 1292 Diis
262 1227 367 1293 adhuc
381 1229 494 1314 placet.

177 1312 276 1391 Hem,
290 1313 374 1378 hem.

173 1403 227 1464 An
243 1400 275 1463 in
291 1401 373 1465 idern
387 1401 556 1466 discrimen
571 1401 692 1466 timoris
706 1401 859 1475 venimus,

173 1487 281 1563 Senes,
297 1487 391 1572 quale
403 1497 563 1572 spectrum
578 1487 669 1552 rideo
683 1507 779 1571 supra
792 1486 922 1550 domum
935 1489 945 1551 1

175 1569 276 1660 Fuga,
291 1571 367 1660 fuga

173 1658 308 1743 Segncm
325 1681 365 1722 ex
380 1659 448 1723 solo
461 1657 538 1724 tolle
551 1657 673 1744 pedem,
689 1681 706 1723 s
721 1657 826 1724 medio
840 1657 902 1724 sbi.
1126 1673 1136 1692 ·

172 1743 421 1830 OrexApollo.
1107 1751 1171 1814 800

171 1832 374 1896 Auerruncus
388 1831 430 1896 sis
443 1830 522 1895 mibi
537 1828 701 1896 malorum.

87 1915 326 1982 susAnimum
342 1917 482 2002 recipite,
498 1915 636 1982 videntes
651 1917 748 1982 liliam
763 1915 845 1981 banc
862 1915 972 1981 Noctis

172 2001 316 2088 Lyaeum,
333 2003 365 2068 O
380 2025 478 2078 senes,
493 2017 523 2068 et
540 2025 588 2066 me
603 2003 747 2069 Deorum
761 2003 947 2080 ministram,

172 2087 308 2154 iridemr
332 2089 454 2154 nullum
470 2091 554 2154 eninr
571 2088 641 2154 urbi
655 2091 796 2154 venimus
809 2089 973 2170 damnum,

172 2175 238 2240 Sed
255 2175 424 2240 militamus
439 2175 586 2240 adversus
600 2175 729 2240 domum
747 2175 839 2240 unius
853 2175 923 2250 riri,

170 2259 277 2336 Quem
292 2262 380 2326 Joris
394 2275 426 2328 et
441 2261 605 2326 Alcmenae
620 2260 720 2326 filium
735 2285 801 2326 essa
814 2260 933 2326 dicunt.

173 2347 258 2411 Nam
272 2348 455 2436 priusquam
470 2347 643 2413 absolveret
657 2347 740 2412 dura
753 2349 934 2424 certamina,

172 2431 285 2498 Fatum
300 2434 403 2518 ipsum
418 2435 562 2511 servarit,
579 2455 681 2519 neque
695 2435 835 2518 permisit
849 2447 939 2518 pater

169 2519 296 2604 Jupiter
308 2521 337 2584 ei
351 2519 535 2584 malefacere
550 2541 652 2604 neque
662 2542 722 2596 me,
733 2542 835 2606 neque
848 2521 1006 2585 lunonem
1019 2543 1168 2608 unquam.

169 2605 233 2671 Sed
250 2619 417 2692 postquam
431 2605 566 2670 coniecit
580 2605 703 2670 labores
719 2605 899 2692 Eurysthei,
1107 2613 1170 2674 810

169 2691 191 2756 J
194 2713 258 2756 uno
272 2691 339 2756 vult
353 2713 466 2757 noram
480 2691 599 2756 cmdern
613 2693 641 2754 ei
657 2691 793 2778 affigere,

171 2777 378 2842 interficienti
394 2777 519 2856 liberos,
534 2790 566 2843 et
579 2801 639 2866 ego
653 2781 814 2844 assentior.

170 2862 235 2928 Sed
249 2886 318 2952 age,
333 2863 527 2929 inexorabile
541 2886 597 2928 cor
610 2885 779 2941 assumens,

171 2949 284 3014 Noctis
297 2953 439 3015 obscurae
454 2951 588 3035 innupta
601 2950 701 3032 virgo,

170 3033 329 3100 Insaniam
344 3036 376 3100 in
392 3037 493 3100 virum
508 3036 593 3102 hunc
607 3049 639 3100 et
653 3033 890 3100 interfectricem
906 3033 1040 3100 liliorum

170 3119 291 3186 Mentis
305 3123 575 3204 perturbationem
589 3137 621 3188 et
634 3121 751 3208 pedum
766 3121 962 3186 saltationem

170 3207 279 3293 injice,
290 3231 464 3285 commove,
479 3221 645 3274 cruentum
659 3209 794 3272 immitte
808 3205 925 3284 funem,

172 3291 230 3373 Ut,
245 3297 424 3359 transmissa
438 3317 496 3381 per
512 3294 740 3360 Acherontium
755 3292 868 3358 fretum

170 3379 231 3444 Illa
247 3381 380 3464 pulchra
394 3380 564 3446 liberorum
579 3401 698 3445 corona
712 3381 842 3464 propria
854 3378 953 3456 wde,

169 3464 354 3616 {panorm
366 3467 467 3555 qualis
481 3467 691 3618 irpipsunpssit
703 3465 839 3616 wouh
854 3466 911 3542 ira,
1106 3469 1168 3532 eto

252 3570 461 3619 iscatmearn:
485 3574 549 3618 aro
572 3575 604 3618 ur
642 3573 745 3618 umr

168 3637 232 3704 Res
245 3661 321 3704 vero
334 3639 514 3705 mortalium
531 3575 625 3705 edunt
639 3595 774 3726 magnoe’,
790 3637 814 3703 si
829 3659 943 3724 poenas
956 3637 1012 3702 iris
1025 3657 1090 3702 non
1104 3635 1168 3702 dat

83 3741 151 3788 trs.
167 3721 217 3789 Er
232 3745 386 3813 generoso
401 3725 528 3813 quidem
544 3739 633 3810 patre
648 3740 680 3790 et
694 3737 794 3790 matre

169 3809 254 3876 Nata
268 3833 349 3887 sum,
365 3831 407 3876 ex
426 3811 527 3877 Nocte
540 3827 572 3876 et
587 3811 669 3876 Coeli
685 3811 853 3898 sanguine:

168 3894 321 3962 Honores
333 3919 408 3963 vero
422 3898 480 3963 hos
494 3897 607 3976 liabeo,
622 3911 736 3963 utnon
751 3895 906 3984 gaudeam
922 3893 1040 3974 amicis,

167 3981 200 4048 N
262 4005 281 4047 a
295 3982 387 4049 laetor
401 3983 517 4050 vadens
532 3983 679 4049 adversus
693 3983 836 4048 homines
849 3980 984 4048 amicos:

247 4067 427 4149 admonere,
444 4071 625 4158 priusquam
639 4085 795 4134 errantem
810 4067 986 4146 revideam,

164 4155 326 4220 Junonem
341 4156 529 4244 tequemio,
544 4157 571 4222 si
584 4155 874 4240 obtemperaveritis
887 4153 965 4220 meis
979 4153 1091 4220 verbis.

164 4239 225 4306 Vir
239 4240 291 4308 bie
306 4263 372 4308 nou
387 4254 431 4310 ert
445 4243 607 4322 obscurus,
623 4263 726 4329 neque
739 4242 772 4306 in
788 4253 881 4318 tara,
