2852 4862
507 199 796 294 crotous

189 395 235 464 Et
248 417 392 484 praesepe
405 395 480 464 ferri
492 399 528 464 in
542 421 629 466 mare
643 423 662 464 a
676 411 767 485 petra
782 399 940 480 moade,

192 483 298 550 Semel
312 484 420 552 ebrius
432 497 465 550 et
479 485 646 552 demittens
660 485 839 573 supercilia.

189 569 366 650 Quoniam,
405 573 437 636 ni
453 571 563 638 bibens
576 593 642 638 non
657 572 792 652 letatur,
806 573 940 642 insanit:

190 657 232 724 ln
247 679 314 745 qno
328 594 488 726 estlronae
503 671 642 725 ereetum
657 661 806 738 excitam,

191 742 911 833 Mammsromqnecontreetetio,etparatnm
1136 755 1197 820 170

191 829 342 918 Tangere
355 830 502 896 manibus
518 843 654 917 pratum,
670 849 703 898 et
716 833 841 900 saltatio
851 835 957 915 simul,

192 915 359 984 Malorum
373 931 406 984 et
418 917 546 984 oblivio.
592 919 710 984 Nonne
722 943 800 1010 ergo
814 943 917 988 emam
995 986 1000 994 ,

191 1003 296 1070 Hnno
309 1017 434 1090 potum,
450 1004 600 1092 Cyclopis
614 1005 780 1072 stultitiam

192 1089 325 1156 Piorare
339 1091 451 1157 ‘ubena
464 1106 498 1156 et
510 1092 639 1158 ocnlnnr
655 1093 745 1174 illum
761 1093 911 1160 medium.

97 1195 182 1242 cuo
193 1176 292 1254 Aodi,
344 1177 451 1280 lyessa,
466 1177 742 1245 confabulabimnr
756 1179 987 1268 aliquantulum
1002 1195 1118 1250 teourn.

102 1265 290 1352 uar.Atqni
303 1286 397 1330 amtor
412 1265 563 1330 acceditis
577 1265 618 1330 nd
633 1268 781 1334 amioum.

98 1349 324 1436 concepistis
337 1373 378 1416 ne
392 1350 524 1438 Trojam
540 1363 572 1416 et
589 1351 750 1418 Helenam
764 1351 945 1438 captivam?

101 1456 184 1502 nar.
191 1435 234 1502 Et
248 1449 347 1504 totam
361 1436 512 1504 familiam
529 1437 649 1504 Priami
664 1461 729 1527 exp
796 1441 927 1506 avimus.

99 1541 183 1588 cuo.
189 1521 309 1590 Nonne
322 1525 430 1613 igitur,
445 1537 611 1612 postquam
622 1525 760 1611 juvenen
773 1551 825 1594 am
841 1527 976 1612 cepistis,

191 1609 316 1676 Omnes
328 1613 430 1696 ipsam
446 1611 606 1678 mulceatis
620 1633 678 1698 per
694 1613 786 1691 vinea,
1137 1624 1199 1682 100

192 1695 282 1774 Quia
297 1696 403 1764 multis
416 1697 590 1764 delectatur
604 1697 750 1764 nubens?

192 1781 406 1850 Proditrioom
420 1785 502 1866 dico,
516 1807 589 1872 quse
603 1785 721 1888 caligas
734 1785 837 1852 varias

192 1869 291 1936 Circa
304 1893 398 1936 crura
411 1871 531 1950 videns,
548 1885 580 1937 et
597 1873 697 1938 Porro
711 1893 839 1939 enrenm
955 1880 961 1894 ¹

192 1954 358 2044 Torqnem
375 1956 524 2024 ferentem
539 1959 623 2024 circa
638 1959 776 2026 medinm
791 1958 919 2034 collum,

193 2043 384 2110 Perturbata
398 2058 447 2110 ost
461 2058 611 2127 mentem,
627 2044 812 2112 Menelaum
827 2044 1074 2112 homuncionem

191 2131 227 2196 0
250 2131 362 2196 timum
378 2131 539 2198 deserens:
562 2133 683 2198 utinam
699 2154 854 2220 nusquam
869 2153 969 2221 genus

235 2215 370 2282 nliernm
385 2232 495 2283 natum
510 2233 599 2298 esset,
617 2219 678 2284 nisi
693 2217 772 2284 mihi
785 2219 855 2284 soli.

97 2323 167 2370 ert.
191 2301 278 2370 Eece
291 2304 382 2369 vobis
395 2317 558 2390 pastorum
572 2306 724 2390 pecudes,

194 2389 266 2456 Rex
284 2389 423 2492 Ulysaea
441 2391 613 2492 balantinnr
629 2415 786 2494 agnorum
800 2394 1006 2496 nutrimenta,

193 2475 829 2652 migdeediidldlrdrirnclellelcrinffili
843 2568 953 2645 antris,
1140 2493 1199 2552 ¹9⁰

193 2649 323 2716 Raeemi
339 2649 417 2715 mihi
432 2663 544 2737 potum
559 2652 692 2718 dcissim
708 2653 819 2719 dantes
836 2653 997 2721 Bacchidi.

103 2755 183 2802 nur.
192 2735 258 2800 Hei
272 2735 371 2802 mihi!
398 2737 535 2824 Cyclops
549 2739 609 2805 iste
624 2739 731 2805 venit:
752 2739 829 2826 qnid
844 2739 1000 2827 memus?

193 2821 350 2888 Periimns
363 2823 459 2901 enim,
476 2824 507 2889 O
522 2847 638 2891 senex:
661 2849 727 2914 qno
740 2840 868 2908 oportet
881 2825 1012 2916 fugere?

103 2929 165 2974 arr.
191 2909 282 2976 lutra
295 2909 381 2976 hane
436 2925 530 2990 tram,
546 2913 599 2977 nbi
616 2913 747 2998 potestis
760 2912 867 2978 latore.

106 2997 271 3064 euntem
288 2995 372 3063 hanc
409 2997 487 3062 iram
503 2997 613 3064 dixisti
627 3021 681 3066 nos
696 3000 727 3064 in
745 2999 825 3064 retia
838 2997 1007 3083 proficisci.

106 3103 172 3150 ru.
191 3081 266 3148 Non
282 3081 389 3148 dirnm
405 3095 449 3150 est
465 3085 535 3150 noc:
556 3107 627 3150 nom
642 3099 717 3152 suut
730 3085 830 3151 multa
841 3099 941 3172 petrae
957 3085 1088 3176 refug'a.

109 3167 224 3235 ΜΝ
268 3191 422 3258 nequam:
446 3194 521 3236 nam
538 3171 629 3237 valde
644 3171 744 3260 Troja
757 3186 910 3258 gemeret,

193 3193 426 3346 steintunam
441 3279 538 3322 unum
554 3259 675 3324 virum:
699 3260 872 3324 maximam
887 3259 973 3326 enim
988 3259 1114 3328 turbam

194 3343 363 3445 Phrygum
378 3345 512 3410 sustinui
526 3367 611 3432 soepe
625 3368 697 3410 cnm
712 3344 834 3433 clypeo.
1136 3353 1201 3413 200

194 3429 258 3496 Sed
272 3451 302 3496 st
318 3430 518 3496 moriendum
533 3447 590 3510 est,
605 3433 779 3498 moriemur
792 3455 955 3520 generose,

194 3519 259 3582 Aut
274 3516 416 3582 viventes
452 3517 564 3588 loriam
603 3519 746 3584 ristinnm
759 3517 883 3586 sortiter
898 3519 1069 3585 tuebimur.

112 3621 182 3668 erc.
194 3601 294 3670 Retro
309 3603 396 3680 orde,
465 3603 549 3670 latus
563 3540 627 3686 ali,
642 3604 719 3692 qnid
734 3603 828 3670 haect
848 3605 919 3692 qnia
932 3603 985 3670 hic
998 3603 1116 3670 ludus?

193 3689 278 3760 Quid
296 3687 518 3756 moriamini?
542 3689 628 3756 Haeo
641 3713 707 3757 non
722 3705 797 3758 sunt
810 3692 900 3758 Dion
938 3715 985 3770 ns,

194 3775 267 3842 Non
283 3775 478 3860 crepitacula
490 3778 564 3844 aeris
577 3791 609 3844 et
623 3791 848 3865 tympanorum
863 3800 906 3864 pn
919 3779 1065 3844 ιιιίοιιοι.

193 3862 371 3941 Quomodo
385 3864 464 3928 mihi
477 3886 508 3928 se
522 3865 633 3930 nubent
647 3865 679 3928 in
695 3865 794 3932 antris
808 3887 917 3932 recena
930 3865 1007 3930 editi
1022 3863 1140 3932 ioetttt?

193 3952 242 4017 An
257 3951 300 4016 ad
317 3953 416 4016 ubera
430 3963 514 4032 sont,
530 3966 562 4016 ot
576 3951 635 4016 snb
650 3965 788 4018 matrum

194 4035 312 4104 hren
325 4051 471 4116 currunt,
485 4050 518 4104 et
532 4039 563 4102 in
574 4039 701 4125 junceis
715 4039 796 4104 rasis

195 4121 397 4226 Expressana
410 4141 458 4190 est
471 4146 638 4190 mseornm
651 4125 767 4210 copia?

193 4211 278 4282 Quid
292 4209 432 4312 dicitis?
453 4211 529 4298 qnid
552 4209 732 4298 reponitis?
759 4234 834 4278 mox
859 4209 972 4298 aliquis
995 4219 1121 4276 vestm
1143 4207 1206 4276 hoo
1291 4231 1296 4242 ·

279 4297 370 4386 ligno
1140 4303 1206 4362 210
