2862 4864
257 235 319 293 308
635 221 965 289 EURIPIDIS

255 423 327 470 otu.
345 399 463 466 Utrum
492 393 673 524 prohibens,
703 415 743 458 an
774 393 945 460 cohortans
982 391 1140 458 adducere
1174 395 1272 462 filiam
1308 399 1357 464 ad

427 505 551 548 neca.

257 565 390 638 retr.Ut
405 592 468 634 non
482 567 668 634 adducerer:
692 578 768 630 tunc
781 567 865 630 enim
881 566 1056 650 resipuerat
1069 579 1141 631 tuna
1156 569 1300 634 maritus.

257 681 329 726 cur.
346 655 520 734 Quomodo
533 675 607 718 vero
622 674 694 717 eum
707 651 805 717 ferrea
819 651 934 727 literae,
949 651 1029 716 mihi
1040 673 1104 716 ooo
1117 653 1263 720 tradebat
1273 655 1361 720 eea?

256 741 510 810 nnMenelaus
524 739 601 804 mihi
616 739 742 817 eripuit,
780 737 813 801 oi
827 752 919 802 autor
931 751 980 802 eat
992 737 1109 802 horum
1123 740 1294 806 malorum.

255 829 375 897 ctr.O
390 849 470 912 puer
484 825 640 902 Nereidie,
658 823 749 888 Ofili
794 823 864 902 elei,
878 822 969 889 audis
982 822 1077 890 haec?

221 939 225 946 ·
256 939 336 984 rou.
347 914 455 980 Audio
477 927 509 977 te
530 933 597 976 eoae
619 910 775 988 miseram,
797 908 884 996 quod
907 931 982 973 vero
1003 908 1045 974 ad
1067 931 1118 976 me
1137 913 1262 990 attinet,
1283 935 1359 979 noo

259 1109 332 1156 cur.
348 995 786 1185 lnteiiiriiipginfitiiariiririeam
808 1082 1085 1147 circumvenientes
1106 1104 1165 1149 noa
1187 1101 1360 1169 pretextu

410 1210 416 1220 ·
430 1183 612 1256 nuptiarum
626 1181 763 1234 tuorum.

259 1281 337 1326 reu.
346 1259 389 1323 Et
403 1281 463 1346 ego
476 1255 625 1343 indignor
639 1255 753 1319 marito
767 1267 833 1328 tuo,
850 1273 952 1338 neque
966 1253 1009 1316 ita
1024 1253 1134 1318 leviter
1148 1255 1224 1320 iero.

259 1367 332 1413 cur.
348 1344 423 1409 Non
438 1343 570 1408 verebor
584 1337 779 1406 accideread
793 1351 975 1424 gematur,
1285 1353 1359 1410 890

347 1430 419 1517 Ego
442 1427 584 1494 mortalis
606 1427 663 1575 pti
685 1440 762 1490 nato
782 1445 822 1488 ex
842 1422 918 1488 dea:
941 1424 1019 1510 quid
1039 1427 1124 1490 enirn
1139 1448 1199 1514 ego
1213 1430 1361 1512 superbe

443 1537 526 1580 arna
550 1535 599 1577 am
878 1562 883 1578 .

347 1602 412 1667 Pro
425 1536 562 1688 iuonein
578 1597 656 1662 mitri
670 1597 769 1682 megia
784 1595 1001 1674 laborandum,
1017 1617 1113 1683 quarn
1128 1619 1188 1682 pro
1202 1595 1295 1662 fitia?

346 1688 562 1764 Quamobrem
578 1705 670 1771 opem
686 1681 775 1761 seraa,
792 1681 824 1746 Ο
839 1681 918 1746 Dee
932 1680 988 1760 fili,
1004 1694 1036 1747 et
1050 1705 1123 1748 meo
1137 1684 1331 1764 infortunio,

346 1774 390 1839 Et
404 1775 445 1855 ei,
459 1794 532 1858 quar
547 1785 593 1836 est
607 1771 691 1834 dicta
705 1782 760 1834 tua
775 1789 856 1832 uxor
869 1766 986 1833 frustm
998 1769 1138 1854 quidem,
1153 1783 1296 1836 ettamen

347 1859 514 1925 Coroneus
527 1879 596 1922 eam
611 1855 734 1921 adduxi
749 1867 899 1941 tanquam
913 1867 1083 1940 nupturam
1098 1855 1167 1933 tibi,

346 1946 443 2010 Nunc
458 1967 533 2010 vero
547 1943 587 2009 ad
604 1941 824 2007 mactationem
836 1939 977 2004 adduco:
995 1939 1053 2008 tibi
1065 1961 1139 2006 vero
1149 1942 1210 2006 erit
1218 1943 1361 2028 probro,

347 2033 382 2097 Si
405 2053 469 2095 uon
491 2030 647 2116 adjuveris
667 2049 753 2092 eom:
782 2028 840 2091 etri
862 2025 945 2090 enim
966 2029 999 2091 ei
1022 2027 1140 2113 nuptiis
1159 2049 1226 2094 nou
1255 2027 1362 2096 fueris

433 2118 567 2192 ‘unctue

348 2139 471 2268 tamin
486 2203 666 2266 nominetur
680 2221 713 2263 ea
727 2198 841 2263 charus
858 2199 988 2262 maritos
1001 2200 1124 2264 misene
1137 2199 1265 2284 pueliae.

349 2289 412 2353 Per
425 2301 564 2353 mentum
576 2299 617 2363 te,
632 2307 690 2370 per
705 2298 790 2349 tuam
805 2285 963 2359 dextram,
977 2305 1097 2371 perque
1111 2301 1243 2350 matrem
1258 2309 1327 2364 oro,

350 2373 434 2440 Nam
449 2395 565 2438 nornen
581 2386 669 2436 tuum
686 2393 736 2434 me
747 2369 896 2456 perdidit,
931 2369 1204 2436 uou'tevindieere
1213 2387 1361 2460 oportet.

350 2463 424 2525 Non
438 2481 565 2544 poenum
580 2460 619 2522 ed
635 2456 729 2522 aliam
745 2478 832 2521 aram
847 2477 907 2520 con
981 2479 1026 2537 re,
1039 2479 1135 2544 quam
1150 2471 1206 2522 tua
1218 2478 1344 2558 genua,

350 2546 462 2632 Neque
475 2545 595 2645 omicue
609 2543 693 2607 nlius
708 2541 784 2606 mihi
799 2543 831 2606 in
845 2543 1026 2629 propinquo
1041 2559 1100 2610 ert.
1142 2544 1244 2610 Auen
1264 2547 1362 2636 Aga-

432 2651 610 2696 memnonia

349 2717 488 2784 Crudele
501 2733 534 2782 et
544 2718 646 2782 audax
656 2714 841 2779 consilium:
863 2714 933 2778 veni
944 2727 1059 2792 autem,
1073 2729 1107 2781 ut
1119 2716 1217 2794 videa,
1226 2719 1361 2798 mulier,

347 2802 401 2869 Ad
426 2801 570 2868 navalem
593 2803 768 2868 exereitum
792 2798 978 2866 seditiosum
994 2815 1027 2867 et
1045 2801 1182 2868 ferocem
1205 2802 1246 2869 ad
1268 2807 1364 2871 mia

433 2888 653 2975 perpetranda,

349 2975 470 3042 Utilem
484 2989 599 3052 tamen,
615 2996 713 3062 quum
729 2972 846 3038 volunt.
875 2973 908 3038 Si
923 2937 1021 3060 igitur
1035 2986 1071 3040 tu
1084 2997 1180 3040 aurat
1190 2975 1290 3041 iirerie
1304 2999 1364 3044 me

350 3059 454 3126 Manu
463 3075 609 3148 porrecta
618 3073 791 3147 protegere,
798 3058 1002 3124 reriaumua:
1014 3061 1061 3124 sin
1069 3061 1182 3138 minua,
1188 3063 1363 3148 periimus.

264 3167 341 3213 erro.
352 3147 417 3211 Rea
431 3162 478 3212 eet
491 3148 657 3212 vehemens
671 3167 793 3230 parere,
808 3161 841 3210 et
853 3145 956 3211 adfert
970 3147 1080 3234 ingena
1093 3147 1286 3214 desiderium

350 3233 591 3320 Commneque
604 3231 762 3308 omnibus,
777 3243 813 3296 ut
827 3230 970 3295 laborent
1008 3255 1045 3298 ro
1058 3231 1174 3300 liberie.

264 3339 341 3385 ectr.
351 3320 485 3384 Animus
499 3341 587 3383 meur
601 3317 739 3384 excelsus
753 3331 932 3383 antroreum
946 3253 1028 3396 seit,

251 3449 267 3466 .
351 3405 449 3469 Novit
461 3405 545 3470 enim
560 3419 592 3468 et
607 3403 697 3468 malie
710 3403 819 3468 dolere
1287 3417 1361 3476 910

349 3491 517 3556 Moderate
529 3505 561 3555 et
577 3491 676 3556 laeteri
689 3490 833 3555 secundis
846 3491 943 3556 rebus.

263 3597 339 3642 otto.
349 3575 445 3642 Talea
459 3577 542 3642 emim
557 3577 700 3642 homines
715 3576 868 3644 rationem
882 3577 1033 3658 inierunt,

350 3663 448 3729 Recte
462 3663 558 3728 vitam
572 3662 707 3766 degendi
723 3685 796 3727 cum
811 3661 954 3728 oonsilio.

262 3768 341 3815 acu.
351 3747 407 3814 Fet
421 3749 560 3837 quidem,
576 3749 631 3814 ubr
646 3748 783 3833 expedit,
801 3771 864 3814 non
880 3748 1012 3813 nimium
1027 3769 1148 3832 rapere,

351 3835 406 3900 Est
419 3837 512 3901 etiarn
528 3849 663 3937 tempor,
678 3837 711 3901 in
726 3857 790 3936 quo
805 3835 882 3936 utile
895 3835 937 3936 eit
949 3855 1016 3934 eree
1029 3835 1215 3936 eapientem.

199 4000 208 4017 “
348 3921 757 4084 itttttttrittsstt
765 3921 1085 4092 diditi?
1100 3941 1170 3998 '¹⁸’

348 4091 391 4158 Et
406 4095 536 4172 Atridis,
553 4097 578 4159 si
594 4111 679 4160 recte
692 4095 925 4181 imperaverint,

349 4177 554 4246 Parebimuer
578 4181 706 4268 qnando
719 4193 825 4246 autem
839 4203 903 4246 non
920 4195 1015 4258 recte,
1030 4201 1096 4246 noo
1111 4179 1243 4264 perebo.

347 4265 411 4332 Sed
426 4263 489 4347 tic,
503 4281 535 4332 et
550 4268 582 4332 irr
599 4267 700 4334 Troia
712 4267 846 4333 liberum
861 4267 1003 4332 animum
1287 4277 1369 4340 990
1424 4311 1425 4333 r
