2852 4862
475 261 760 339 CYCLOPS.

71 465 135 512 cto.
152 445 219 513 Odi
235 449 356 532 quiden
371 459 493 513 mrem:
516 445 602 512 bunc
617 466 692 513 vero
705 459 815 550 potum
831 469 912 513 amo.

71 531 289 598 sentiamus
304 532 401 622 igitur
415 532 468 598 hic
483 533 565 611 bibe,
580 549 611 599 et
628 535 669 599 sis
687 533 805 612 brioria,
822 535 971 622 Cyclope.

69 639 135 686 cic.
153 620 229 684 Nou
244 631 370 706 oportet
383 641 435 684 me
449 619 597 684 fratribus
610 619 697 686 buno
711 620 872 706 impertire
885 619 1020 710 potumi

71 725 144 772 uun.
158 705 292 772 Hubens
304 707 389 772 enim
404 706 472 790 ‘epae
485 705 669 771 honoratior
684 707 754 772 eris.

69 811 137 858 cre.
153 793 344 878 Impertiens
358 805 461 893 eutem
478 793 588 858 seticis
600 792 708 859 utilior
721 806 784 860 no.
886 880 895 898 ·
1092 807 1155 866 580

67 895 142 1030 lli:
153 878 517 1044 metistis
528 890 944 1056 itt.²l.lfi⁰ii·;s‘l·.

70 1050 310 1131 uus·.0smioe,
325 1067 435 1138 potum
590 1052 677 1117 demi
693 1067 829 1119 manere.

67 1157 135 1202 cuc.
152 1137 277 1204 Stultus
292 1149 344 1216 est,
360 1139 472 1226 quisqu
486 1163 500 1202 s
515 1141 587 1203 bene
596 1152 699 1224 potus,
712 1161 775 1204 uon
788 1151 871 1205 umet
883 1141 1151 1210 comessationem.

68 1243 140 1290 our.
150 1223 218 1302 Qui
235 1245 310 1289 tero
323 1225 428 1290 ebrius
442 1224 529 1290 domi
545 1240 661 1304 manet,
677 1237 720 1290 est
732 1225 864 1312 sapiens.

65 1329 133 1390 cre.
150 1310 241 1387 Quid
255 1311 387 1400 agimus,
405 1309 533 1378 Silene?
556 1311 655 1376 tibine
669 1311 796 1376 videtur
811 1313 1001 1379 manendum
1018 1313 1110 1380 esaei

66 1415 125 1460 stu.
148 1395 301 1464 Videtur:
347 1397 400 1462 uid
414 1398 498 1462 enim
514 1417 594 1484 opus
609 1411 655 1463 est
670 1397 740 1464 eliis
756 1399 903 1480 convivis,
921 1399 1083 1489 Cyclopa?

65 1503 132 1548 cre.
150 1483 193 1548 Et
207 1506 283 1550 seue
297 1421 399 1550 sellum
413 1483 529 1548 florido
542 1486 646 1550 virore
658 1485 813 1570 pubescit.

65 1589 123 1634 su.
149 1568 193 1634 Et
207 1571 247 1634 sd
263 1583 374 1636 aestum
390 1569 464 1636 solis
480 1569 648 1656 pulchrum
665 1583 707 1636 est
722 1571 839 1637 bibere.

148 1655 327 1722 Itcoumbsa
341 1657 440 1742 igitur
453 1655 526 1734 boc,
541 1677 662 1743 ponens
676 1656 773 1723 latere
788 1661 820 1722 in
836 1667 930 1726 terrs'.
1080 1669 1144 1728 ⁵40

66 1763 139 1808 cic.
152 1741 280 1826 (Eooesl
302 1762 359 1808 eut
373 1765 448 1808 vero
461 1755 613 1808 craterem
628 1757 700 1830 post
712 1765 762 1810 me
775 1743 895 1831 ponis?

63 1849 120 1896 su.
149 1829 199 1894 Ne
212 1850 352 1913 praeeeus
365 1830 479 1916 eliquia
493 1829 719 1916 apprehendat.
750 1851 822 1897 cuc.
846 1831 962 1896 Bibere
973 1833 1136 1898 enimvero

147 1914 336 1982 Clanculum
353 1927 387 1982 tu
403 1917 465 1981 via:
489 1937 589 2002 ponas
604 1917 706 2002 ipsum
723 1918 754 1981 in
770 1915 920 1982 medium.

146 1999 200 2067 Tu
215 2023 301 2078 vero,
317 2001 440 2088 hospes,
456 2001 509 2068 dic
525 2021 651 2079 nomen,
667 2025 732 2090 quo
746 2015 777 2068 te
791 2013 916 2090 oportet
930 2020 1053 2072 vocure.

64 2087 335 2154 uar.Nemiuem:
357 2089 411 2154 sed
427 2111 492 2176 quo
507 2088 661 2154 beneflcio
676 2104 807 2174 eccepto
822 2103 854 2154 te
866 2089 1030 2156 laudubo?

62 2193 129 2239 cre.
146 2175 299 2240 Omnium
315 2175 472 2240 sociorum
488 2175 634 2240 ultimum
650 2189 682 2242 te
695 2177 864 2242 devorabo.

62 2279 138 2412 sl·
148 2259 932 2436 nrissirusinviseris-ll·

61 2451 120 2498 sss.
144 2431 369 2586 Nmffilllne
382 2432 435 2500 bic
454 2434 612 2500 osculatus
629 2447 685 2514 est,
701 2436 775 2524 quia
795 2449 960 2502 venustum
984 2451 1145 2523 aspectum

251 2543 272 2585 s
334 2567 342 2584 .

62 2625 129 2670 erc.
147 2603 303 2686 plorabis,
318 2629 426 2672 emens
446 2607 555 2672 viuunr
571 2603 656 2696 quod
671 2627 736 2672 non
752 2623 835 2672 amet
850 2621 889 2674 te.
1085 2617 1150 2678 550

60 2711 120 2756 su..
144 2691 219 2756 Non
234 2713 293 2780 per
306 2691 429 2770 lovem,
446 2694 521 2780 quis
535 2695 613 2760 dicit
627 2717 660 2758 se
674 2715 780 2760 omem
794 2715 845 2760 sne
859 2692 1038 2780 pulchrum.

60 2797 127 2842 cre.
144 2777 300 2844 infunde:
322 2778 452 2865 pleuutn
468 2801 541 2845 sero
555 2780 705 2867 pooulm
720 2780 759 2846 ds
775 2793 912 2848 centum.

61 2883 121 2928 stt..
143 2864 319 2942 Quomodo
333 2866 428 2954 igitur
442 2867 482 2930 sit
496 2881 715 2952 temperatum,
732 2887 791 2955 age
806 2866 976 2932 videamus.

60 2967 133 3018 cro.
144 2947 281 3018 Perdes:
305 2950 346 3016 da
360 2953 413 3018 sie.
457 2972 519 3018 sm.
541 2954 618 3019 Non
633 2975 690 3039 per
704 2953 825 3029 iuvem,
840 2954 1024 3040 priusquam
1039 2965 1071 3018 te

142 3037 304 3102 &ronam
321 3036 430 3104 videro
443 3040 658 3126 accipientem,
734 3051 866 3126 taroque
880 3037 994 3105 adbuc.

59 3141 125 3188 etc.
142 3123 174 3188 Ο
187 3125 381 3276 pilam}
391 3127 554 3275 iqjustum.
585 3145 648 3192 sn..
672 3063 744 3192 lunda
758 3144 814 3212 per
829 3125 951 3205 Jovem,
967 3125 1022 3192 sed
1035 3124 1144 3190 vitrum

304 3222 346 3276 en
384 3231 462 3276 uce.

143 3293 246 3361 Emun
290 3319 322 3362 re
336 3297 432 3385 igitur
447 3311 479 3364 te
490 3299 575 3384 priua
588 3297 694 3380 debes,
708 3313 742 3364 ut
755 3311 865 3384 potum
880 3299 1024 3384 accipies.

61 3399 127 3447 cre.
145 3319 346 3461 Ecoeffibra
360 3397 433 3449 sunt
446 3405 528 3470 pura
541 3399 572 3450 et
588 3385 685 3450 herba
699 3405 778 3449 mea

58 3485 118 3534 su..
143 3467 248 3534 Portas
264 3469 272 3484 ‘
298 3469 360 3536 'tur
374 3471 515 3536 cubitum
531 3471 695 3548 concinne,
711 3469 826 3537 deinde
836 3469 919 3548 bibe,

143 3555 233 3620 Sicut
247 3556 279 3620 vi
301 3577 334 3621 es
349 3578 399 3621 me
412 3555 571 3622 bibentem
587 3569 618 3622 et
632 3557 713 3622 sicut
727 3577 791 3621 non
807 3555 940 3621 laederis.
1078 3561 1141 3620 560

56 3659 129 3706 erc.
143 3639 209 3718 He,
224 3639 279 3720 ba,
294 3641 370 3728 quid
386 3641 460 3708 iacis
473 3645 484 3708 i
531 3663 593 3708 su..
617 3643 761 3708 Suaviter
775 3643 908 3710 exhausi
924 3655 989 3708 uno
1010 3641 1141 3728 impetu.

56 3743 125 3790 etc.
139 3729 321 3828 decipiens,
336 3727 461 3816 bospes,
478 3729 545 3816 ipae
557 3731 711 3816 pincerne
726 3749 814 3796 meus
828 3743 907 3796 esto.

59 3831 131 3878 aur.
141 3811 320 3880 familiaris
335 3829 383 3882 est
398 3815 468 3881 vitis
485 3828 564 3882 mese
578 3816 696 3881 manui.

58 3917 125 3964 cuc.
141 3902 221 3986 Age,
238 3921 324 3966 uuuc
338 3901 481 3969 infunde.
526 3923 607 3968 uas.
632 3899 781 3980 Iulimdo,
797 3913 866 3967 teee
879 3899 988 3966 medo.

57 4001 125 4050 cre.
142 3983 224 4052 ilem
238 3985 397 4054 difficilem
412 3987 520 4054 dixisti
535 3989 591 4066 illi,
628 3989 661 4054 ui
677 3987 757 4052 bibit
771 3987 916 4052 multum.

60 4089 132 4136 etr.
142 4071 228 4140 Ecce
241 4073 399 4160 accipiens
412 4075 517 4157 ebibe,
531 4089 563 4140 et
576 4010 656 4138 nili!
675 4074 841 4161 relinquas

139 4159 273 4224 immori
288 4175 393 4226 eutem
407 4161 521 4250 liquori
538 4161 698 4226 bibentem
713 4173 847 4247 oportet.

58 4263 122 4310 cta
141 4245 249 4332 Pupia.
295 4247 428 4334 &piens
441 4247 584 4334 proiecto
598 4259 643 4312 ert
656 4248 777 4336 liguum
793 4247 877 4311 vitis.

61 4345 129 4396 tur.
143 4331 187 4398 Et
200 4331 356 4420 siquidem
371 4333 411 4400 ad
428 4333 561 4400 multum
576 4333 681 4482 cifbum
698 4332 831 4399 multum
848 4331 1012 4420 potaveris,

562 4441 579 4484 r
622 4429 640 4486 3
781 4443 786 4462 ‘
