2852 4862
490 197 762 268 BACCHAE.
1102 199 1163 268 401

82 397 156 444 arc.
170 375 260 454 Quid
273 395 348 440 vero
362 373 501 440 incidisti
516 375 548 439 in
563 376 656 464 hujus
668 377 713 442 rei
725 397 876 464 magnmn
888 375 1106 446 desideriunt?

85 483 162 528 rate.
173 463 289 528 Tristis
301 461 384 546 ipssa
398 461 472 526 vino
487 459 664 548 lymphatas
678 461 819 528 viderim.
1105 473 1168 536 770

84 571 156 616 asc.
169 551 220 616 An
237 547 333 648 igitur
348 546 453 612 videre
467 549 555 632 cupis
571 545 713 626 libenter,
730 571 802 635 quae
817 547 873 614 tibi
889 548 1019 614 molesta
1034 557 1145 616 emente·

85 655 163 701 ectr.
176 633 275 700 Plane
289 655 378 710 sctns,
393 654 446 698 eos
458 633 558 711 cidere
571 635 668 716 nepio,
684 634 777 700 tacite
790 634 900 700 sedens
914 635 973 700 sub
987 635 1152 704 abietibus.

84 741 160 788 sun.
173 721 294 800 Verpm
309 719 540 808 investigabunt
554 733 594 798 te,
610 720 732 786 etiarnsi
746 719 851 786 venias
865 719 956 786 clam.

84 827 163 874 eru.
176 805 266 896 Ergo
279 803 383 892 palam
399 826 453 870 ens
466 805 617 872 mideber.-
641 821 723 872 recta
738 805 822 871 enim
836 805 899 872 boc
912 805 1029 874 dixisti.

86 915 161 960 asc.
174 892 299 959 Ducam
316 891 412 978 igitur
426 905 466 968 te,
482 903 513 956 et
527 891 720 980 aggredieris
734 889 841 958 viam?

87 1001 163 1046 rer.
176 979 250 1044 Duc
264 999 358 1066 quam
374 977 545 1054 celerrime,
563 991 685 1062 tempus
699 979 782 1042 enim
799 977 855 1042 tibi
870 999 933 1042 non
950 978 1084 1046 invideo.

87 1087 161 1132 nno
175 1065 341 1151 Compnne
354 1063 452 1148 igitur
465 1063 549 1129 circe
561 1085 674 1149 corpus
688 1063 829 1151 byssinas
842 1077 950 1130 vestes.

87 1173 166 1218 rant.
178 1151 245 1216 Cur
260 1171 334 1216 vero
349 1147 434 1214 boc?
454 1171 493 1214 an
510 1148 694 1214 mulieribus
707 1172 748 1214 ex
762 1150 830 1214 viro
844 1149 1035 1217 accenseor?

88 1259 161 1305 asc.
176 1237 227 1304 Ne
241 1251 273 1302 te
286 1233 489 1315 interficiant,
504 1235 530 1300 si
545 1235 593 1298 vir
608 1237 650 1300 ibi
666 1235 808 1300 videaris.

89 1323 280 1392 »annecte
309 1321 371 1422 boc
399 1321 516 1399 dixisti,
546 1344 579 1386 es
607 1333 712 1386 autem
741 1321 869 1408 quidam
905 1321 952 1386 nir
980 1323 1172 1410 jampridem

90 1519 164 1566 auc.
178 1429 609 1594 Baccbdsoeddidncuitbaec.
1110 1417 1174 1480 ⁷8⁰

91 1579 349 1660 aamQucmodo
363 1593 461 1666 tgrtur
474 1577 553 1645 fient
566 1581 635 1658 ista,
650 1603 722 1668 qnoe
737 1593 772 1647 tu
788 1603 839 1647 me
854 1601 972 1660 mones,
984 1581 1091 1648 recte?

89 1691 162 1738 nac.
175 1667 248 1754 Ego
262 1665 383 1732 ornabo
397 1679 440 1746 te,
455 1663 571 1731 vadens
584 1668 668 1732 intra
681 1667 824 1734 domum.

92 1777 168 1822 aar.
179 1755 257 1832 Quo
270 1749 409 1818 ornatu?
428 1773 468 1816 an
483 1750 656 1819 stamineo?
677 1755 730 1818 aed
745 1752 843 1838 pudet
857 1775 918 1820 me.

92 1863 163 1910 nac.
177 1841 253 1907 Non
268 1839 403 1924 amplius
417 1851 573 1924 spectator
588 1838 772 1904 Maenadum
788 1838 891 1904 alacer
904 1861 948 1904 es.

93 1949 168 1994 rau.
179 1926 285 2003 Quem
300 1923 398 2014 igitur
411 1937 557 1990 ornatum
569 1925 614 1990 eis
624 1939 656 1992 te
666 1925 856 2013 injecturum
867 1947 932 1990 csse
942 1945 1014 1990 men
1023 1923 1177 2012 corpori?

93 2035 166 2081 nac.
181 2012 341 2104 Prolixam
356 2011 482 2097 quidem
498 2032 620 2076 comam
635 2011 668 2076 in
684 2011 787 2097 capite
800 2022 856 2075 tuo
869 2009 1048 2076 extendam.

94 2097 330 2168 nnsecunda
343 2117 418 2162 vero
431 2096 548 2182 species
562 2111 691 2162 ornatus
705 2119 851 2182 quanam
865 2098 923 2162 erit
939 2095 1040 2164 mibi?
1115 2105 1178 2167 790

93 2208 166 2255 uc.
179 2184 272 2272 Pepli
287 2181 414 2248 olna:
436 2197 469 2248 et
482 2205 578 2268 snpra
591 2197 687 2268 capnt
701 2183 762 2248 erit
775 2183 879 2250 mitra.

96 2273 234 2340 aranu
248 2283 364 2358 praeter
378 2268 448 2333 haec
461 2269 555 2335 etiam
570 2269 689 2356 aliquid
704 2268 789 2336 aliud
805 2267 900 2334 addes
915 2266 1016 2334 milti?

94 2379 170 2426 arc.
180 2355 345 2444 ‘Ibyrmm
358 2354 504 2420 manibus
517 2367 548 2421 et
564 2355 755 2422 maculosam
769 2353 892 2420 hinnuli
906 2353 1030 2441 perlem

97 2443 259 2512 rrmNnn
273 2463 396 2529 possem
411 2439 587 2516 immineam
603 2442 735 2507 induere
748 2455 876 2506 vestem.

99 2553 170 2598 asc.
182 2529 247 2596 Sed
261 2527 380 2594 mem
395 2526 485 2592 dabis
499 2529 697 2594 committens
712 2527 860 2614 proelittm
875 2549 946 2592 cum
964 2526 1109 2594 Bacchis.

101 2637 177 2684 eru.
185 2615 364 2682 Prudenter
377 2615 472 2679 dicia:
493 2615 631 2701 primum
646 2611 687 2679 ad
701 2613 954 2700 explorationem
968 2627 1092 2700 oportet
1106 2613 1164 2678 ire.

97 2725 168 2772 nac.
181 2699 363 2768 Consultins
378 2697 621 2785 prolectosoerit
637 2701 701 2778 bne,
717 2723 810 2787 quam
827 2698 917 2764 malis
931 2699 1038 2764 venari
1052 2699 1144 2764 mala.

101 2811 176 2856 retr.
187 2793 234 2856 At
248 2789 409 2876 quomodo
422 2808 480 2872 pcr
494 2787 603 2852 urbem
618 2787 672 2852 ibo
686 2787 767 2850 clam
781 2781 965 2852 Thebanis?

102 2897 173 2942 asc.
187 2873 249 2940 Per
264 2873 329 2938 rias
344 2874 472 2938 intentes
487 2873 619 2938 ibimus:
642 2895 702 2960 ego
716 2894 791 2937 vero
804 2871 868 2936 dux
884 2893 950 2937 ero.

103 2959 322 3038 neoniam
335 2958 458 3035 melius,
474 2981 567 3046 quam
585 2973 619 3024 ut
636 2957 771 3024 Bacchae
786 2981 836 3022 me
849 2957 1022 3020 derideant.

185 3045 325 3112 Profecti
340 3045 373 3110 in
388 3044 481 3122 aedes,
497 3047 521 3110 si
537 3047 636 3110 visum
651 3043 755 3123 fuerit,
771 3042 1016 3108 consultabimua

103 3155 174 3200 asc.
187 3130 319 3220 Aliquid
334 3130 419 3218 quod
432 3131 500 3196 usui
514 3131 564 3210 ait,
580 3131 611 3196 in
627 3131 773 3196 omnibus
786 3129 896 3195 adsum
912 3143 1049 3212 paratus.
1124 3135 1187 3196 800

106 3241 177 3286 ern.
188 3219 267 3285 Ibo:
289 3217 339 3283 vel
353 3219 437 3282 enim
452 3218 567 3284 milites
581 3237 703 3282 mecum
719 3215 838 3282 babens
852 3215 1044 3302 proficiscar,

187 3309 253 3372 Ant
266 3305 328 3370 tuis
342 3307 461 3390 parebo
475 3303 622 3368 consiliis

105 3411 175 3458 nnc.
188 3393 221 3458 0
236 3389 393 3470 mulieres,
408 3391 455 3456 vir
468 3389 520 3454 bic
534 3389 567 3456 in
584 3389 658 3454 retis
667 3389 756 3476 jactu
768 3401 846 3456 state

189 3477 304 3544 Veniet
317 3493 424 3542 antem
439 3475 478 3540 ιι]
497 3473 647 3554 Bacchas,
663 3477 717 3540 ubi
733 3477 870 3541 moriens
885 3495 999 3560 poenas
1012 3471 1111 3538 dabit.

190 3565 222 3630 Ο
240 3562 376 3640 Bacche,
392 3585 478 3628 nnnc
493 3575 581 3628 tuum
597 3584 676 3647 opus
691 3573 746 3640 eal,
761 3583 824 3626 non
840 3561 924 3626 enim
932 3559 1050 3708 procul
1066 3557 1158 3624 obet:

190 3651 492 3718 Ulciacamurenm:
515 3649 651 3734 primum
667 3663 771 3714 autem
787 3647 921 3712 deturba
955 3643 1191 3722 credementic,

190 3737 369 3888 immihttffir
393 3733 491 3800 levem
522 3735 658 3800 rabiem:
689 3747 809 3820 utpote,
833 3733 887 3820 qui
917 3753 1024 3797 sanam
1056 3747 1193 3796 mentem

299 3845 318 3886 a
360 3844 405 3898 ns,

191 3911 267 3976 Non
281 3909 358 3974 velit
371 3907 501 3972 induere
515 3905 697 3972 foemineam
712 3917 838 3982 vestem,

196 3995 297 4062 Extra
312 4017 386 4059 vero
400 3993 515 4060 mentis
529 3995 693 4058 sanitatem
709 3990 877 4077 profectus,
894 3989 1013 4054 induet.

195 4081 288 4146 Nunc
304 4095 409 4146 autem
426 4080 498 4145 volo
514 4081 615 4166 ipsum
633 4079 729 4144 risum
745 4075 907 4144 'Ibebnnit
922 4077 1073 4162 praebcre,
1133 4085 1197 4142 ⁸10

197 4168 234 4232 ln
250 4167 360 4234 babitu
375 4166 525 4232 foemineo
539 4166 670 4232 ductum
687 4187 743 4246 per
758 4163 868 4229 urbem

199 4253 273 4318 Post
287 4255 409 4340 priores
425 4253 534 4330 minas,
550 4251 666 4339 quibus
680 4249 827 4316 terribilis
841 4265 918 4316 erat.
