2882 4858
509 183 768 252 HELENA.
1125 199 1188 258 ets

191 349 236 420 Et
249 351 314 417 iroec
327 351 464 439 prebuit
477 373 593 420 nomen
609 355 692 434 Diis,
706 375 774 422 non
788 354 923 442 emplius

191 435 308 504 liudem
323 441 383 504 tuis
396 439 516 524 nuptiis
529 440 629 526 ipsum
643 441 802 508 nitriotem
817 441 950 508 detineri
964 453 1098 529 oportet,

191 523 256 589 Sed
270 523 374 590 redire
388 527 531 606 domum,
545 533 579 592 et'
592 527 735 594 habiture
749 549 821 594 cum
838 530 964 596 merito.

189 607 409 688 Quamobrem
419 611 542 678 ubetine
553 613 680 701 quidem
690 636 826 679 etorore
836 627 889 680 tue
899 617 1025 702 nigrum
1036 613 1189 703 gladium,

191 693 445 775 Existimarem,
461 720 529 764 enm
543 701 715 785 prudenter
734 700 803 766 hoec
817 699 933 766 iecisse.

189 781 263 848 Jum
278 783 402 869 pridem
417 798 522 850 eutem
537 797 569 850 et
583 799 655 850 ante
669 787 907 852 eervevimemur
921 807 1073 865 sororem,

192 870 362 956 Postquam
375 869 501 956 Jupiter
515 871 588 938 fecit
602 893 659 937 nos
673 871 765 938 deor:

192 955 256 1022 Sed
271 953 433 1021 inferiores
446 955 668 1024 fuimueeimui
683 972 715 1024 et
731 957 812 1024 Fato
1107 965 1190 1026 1660

194 1039 235 1108 Et
249 1041 332 1120 Diis,
349 1042 462 1130 quibu·
476 1043 596 1130 placuit
610 1059 646 1111 ut
660 1043 729 1109 hoec
743 1045 787 1110 eic
799 1065 831 1110 ee
845 1043 1006 1110 heberent.

191 1131 238 1194 Ac
251 1127 309 1194 tibi
324 1129 452 1216 quidem
466 1127 536 1196 htec
549 1129 638 1196 dico:
661 1143 694 1197 tt
705 1131 806 1194 sorori
821 1151 899 1196 mete
912 1131 996 1209 dieo,

192 1211 241 1280 Ut
265 1217 393 1364 nnmgep
415 1236 487 1280 cum
514 1216 628 1282 merito
650 1229 723 1284 tuo:
754 1216 895 1282 Ventum
923 1216 1005 1282 enim
1035 1215 1189 1283 hebebitie

276 1322 372 1366 recen
395 1321 465 1366 um:

192 1384 261 1450 Noe
275 1407 350 1452 vero
363 1401 534 1454 eervetoree
549 1389 676 1454 Gemini
691 1391 803 1454 iratres
817 1390 874 1468 tui,

192 1471 379 1560 Equituntee
392 1477 476 1538 circu
489 1495 588 1556 mere,
603 1477 761 1540 mittemus
776 1486 804 1540 te
818 1479 850 1540 iu
865 1473 1008 1562 putrium.

191 1557 302 1634 Quum
318 1581 393 1624 vero
404 1559 529 1626 flexeris
542 1582 580 1626 uc
595 1561 730 1626 iiniverir
744 1561 851 1640 ritum,

193 1643 365 1710 Voceberir
378 1645 448 1724 dee,
463 1659 494 1712 et
509 1667 581 1712 cum
598 1646 763 1712 Dioecuris

194 1729 355 1817 Perticepr
368 1735 430 1798 erit
443 1731 678 1812 sacrificiorum,
695 1747 726 1798 et
740 1731 912 1799 oblationes
926 1731 967 1797 eb
982 1729 1173 1798 hominibus

193 1813 367 1884 Nobiscum
383 1819 533 1904 accipies:
556 1841 629 1885 nem
644 1818 769 1905 Jupiter
782 1819 829 1885 ite
843 1817 919 1883 vult.

193 1901 259 1969 Ubi
274 1925 350 1968 vero
363 1903 528 1970 collocarit
541 1917 572 1970 te
585 1905 723 1991 primunt
740 1904 840 1970 Μαῖα)
853 1903 948 1982 iilius,
1106 1907 1188 1982 1670
1261 1985 1266 1996 .

257 2003 307 2055 rte
319 1989 492 2068 discedens,
507 2013 547 2056 ex
560 1990 736 2058 caeieetibue
749 1989 871 2056 rudibus

220 2087 328 2142 uretur
342 2090 431 2142 tuum
446 2098 571 2165 corpur,
587 2099 627 2142 ne
644 2077 729 2142 Puris
743 2077 871 2142 duceret
886 2090 927 2152 te,

193 2159 471 2250 Propugneculurn
481 2177 703 2250 exporrectum
709 2163 803 2250 juxte
811 2164 953 2242 Atticum,
963 2159 1095 2227 insulem
1103 2161 1188 2240 dieo,

194 2247 321 2314 Helene
334 2247 465 2334 pouthuc
480 2249 564 2334 opud
578 2248 721 2315 homines
736 2248 910 2326 vocabitur,

189 2332 275 2409 Quia
289 2348 320 2399 te
333 2335 430 2400 domo
443 2334 551 2400 furtim
566 2335 636 2400 iiiuc
649 2335 860 2422 absportetum
876 2333 1002 2420 recepit.

192 2417 235 2486 Et
247 2420 367 2487 erranti
384 2419 533 2487 Menelao
547 2445 566 2486 e
580 2421 640 2486 diis

192 2503 301 2572 Fatale
313 2519 361 2572 eet
374 2505 516 2573 habitere
531 2509 563 2574 in
578 2505 687 2574 insulis
700 2506 886 2574 fortunatius

191 2592 249 2658 Dii
263 2593 348 2658 enirn
363 2613 426 2658 non
442 2595 576 2660 oderunt
589 2615 767 2681 generosos,

192 2676 313 2744 Eorum
320 2701 395 2744 vero
404 2679 456 2768 qui
468 2679 501 2744 in
516 2679 605 2746 nullo
619 2701 749 2745 numero
763 2693 849 2757 sunt,
861 2677 1040 2767 mngieeunt
1049 2675 1184 2742 leboret.

102 2783 184 2828 rue.
195 2765 225 2826 0
239 2763 297 2828 iiiii
309 2763 407 2830 Ledoe
421 2781 453 2830 et
465 2764 563 2842 devie,
578 2767 717 2852 priorem
732 2765 859 2853 quidem
1104 2767 1188 2828 1680

192 2849 433 2916 Contentionem
448 2851 489 2917 de
502 2874 610 2918 sorore
623 2853 717 2916 vestri
730 2851 834 2940 gretie
847 2849 1001 2916 omittam.

191 2933 234 3002 Et
247 2958 317 3002 eom
331 2958 471 3002 sororem
487 2959 551 3002 non
566 2937 700 3023 amplius
714 2937 820 3022 cupio.

191 3021 252 3088 ute
266 3023 363 3110 igitur
377 3035 428 3088 eut
441 3023 583 3101 domum,
598 3024 624 3088 ei
638 3023 699 3088 diis
708 3023 824 3174 piacet.

191 3107 310 3174 Scitote
324 3130 399 3174 vero
413 3130 468 3174 vor
483 3111 613 3195 optimae
627 3109 708 3174 enon
733 3127 766 3174 et
779 3107 961 3173 cuodmimae

190 3194 300 3261 Sorori
314 3195 478 3261 abeodem
494 3209 667 3284 prognatos
681 3219 746 3262 eure
759 3197 921 3284 sunguine,

190 3279 234 3346 Et
248 3280 358 3358 valete,
374 3297 504 3368 propter
516 3303 703 3370 generorum
720 3280 857 3346 Helenoe

190 3366 354 3444 Animum,
370 3389 443 3456 qum
457 3390 506 3434 res
522 3391 586 3434 non
600 3369 682 3435 inest
695 3369 727 3434 in
743 3367 851 3432 multis
866 3364 1060 3432 mulieribus.

104 3471 180 3518 etro.
192 3451 309 3518 Multte
325 3465 400 3518 tunt
411 3451 520 3519 iorrnre
534 3453 713 3520 divinorum
728 3475 849 3536 opertam

188 3539 246 3605 Dii
261 3561 337 3605 vero
350 3539 451 3605 multe
463 3554 580 3626 preter
594 3563 682 3626 spem
697 3537 875 3626 perficiunt.

190 3623 233 3690 Et
247 3647 321 3712 quor
334 3623 482 3692 videntur
496 3647 560 3692 non
575 3628 739 3694 eveniunt:
1105 3625 1186 3684 169⁰

188 3711 265 3776 Non
279 3725 474 3797 speratorum
490 3725 594 3779 autem
609 3713 728 3780 invenit
742 3711 831 3778 Deus
847 3709 942 3774 rium.

190 3797 242 3863 Sic
256 3799 363 3864 evenit
378 3799 438 3864 hoc
450 3800 621 3886 negotium.
