2882 4858
314 223 376 284 mo
680 213 1010 282 EURIPIDIS

398 391 542 456 Serriens
555 388 706 475 quotidie.

399 477 431 542 Ο
447 475 554 552 Paeen,
572 474 604 540 O
620 475 727 554 Peon,

399 561 527 638 Beatus,
540 562 649 626 beatus

400 649 459 725 Sis,
476 648 508 713 Ο
524 647 659 712 Latonae
674 646 738 712 filii

402 735 581 798 Honestum
595 747 680 798 certe
694 733 846 810 laborem,
862 733 895 798 Ο

401 817 532 896 Phoebe,
549 819 605 884 tibi
619 833 692 884 ante
706 819 806 884 aedem
822 820 933 899 servio,

400 906 516 970 Coiens
529 907 731 970 oraculorum
745 904 869 970 sedemr

401 991 577 1056 Praeclerus
591 991 675 1056 enim
688 1001 731 1056 est
744 991 802 1056 iste
816 991 905 1056 labor
920 991 1008 1067 mihi,

372 1065 377 1090 ³
400 1079 527 1142 Servom
545 1099 672 1141 manum
687 1076 829 1161 praebere
844 1077 925 1154 Diis,

399 1165 473 1229 Non
491 1163 675 1227 mortalibus
690 1183 721 1227 et
732 1163 978 1230 immortalibus:

367 1265 370 1272 '
399 1248 553 1314 Gloriosis
567 1248 729 1312 laboribus
743 1250 884 1313 exerceri

399 1333 474 1399 Non
489 1333 654 1418 defatigor.

400 1419 541 1485 Phoebus
555 1431 599 1484 est
612 1418 691 1486 mibi
704 1421 830 1508 genitor
844 1434 951 1507 pater:

399 1506 596 1572 Educentem
611 1507 697 1569 enim
712 1529 758 1570 me
771 1507 923 1592 praedico.

400 1590 584 1657 Beneficum
598 1613 673 1656 vero
686 1591 765 1656 mihi
778 1593 877 1678 patris
890 1613 1004 1658 nomen
1020 1592 1093 1657 dioo

401 1676 516 1743 Pboebi
530 1677 585 1763 qui
599 1680 707 1742 colitur
720 1679 774 1743 boc
789 1680 820 1742 in
836 1679 964 1764 templo.

399 1764 431 1829 Ο
448 1762 555 1839 Poean,
572 1763 605 1828 Ο
622 1763 729 1841 Paean,

399 1849 525 1926 Beatus,
540 1848 649 1913 beatus

401 1937 464 2018 Sis,
480 1936 512 2000 O
527 1935 662 2000 Latonae
675 1934 739 2000 fili!

400 2021 463 2088 Sed
477 2020 584 2085 finiam
599 2021 722 2086 labores

401 2107 499 2171 Leuri
511 2105 655 2184 lactibus,
669 2129 710 2171 ex
724 2106 826 2172 aureis
841 2128 913 2171 vero

399 2194 489 2258 Vasis
505 2193 666 2277 proiciam
680 2205 774 2256 terrae
784 2193 914 2270 fontem,

398 2279 504 2356 Quem
519 2303 536 2342 e
584 2278 686 2342 nduut
701 2279 849 2344 Castaliae

398 2364 555 2440 Vorticea‚·
567 2364 729 2429 humidam
745 2387 857 2450 aquam

400 2449 581 2536 Projicieus
597 2469 697 2535 purus
710 2450 848 2516 existens
863 2475 882 2518 a
895 2451 985 2516 lecto.

400 2536 534 2603 Utinam
548 2557 623 2600 vero
638 2535 681 2599 sic
699 2535 819 2602 Phoebo

400 2622 522 2689 Servire
535 2641 601 2686 uon
615 2621 764 2698 desinam,

398 2708 617 2774 Autdesinam
632 2708 717 2773 bona
729 2707 872 2773 fortuna!

398 2794 469 2871 Eia,
484 2793 553 2858 eia!

399 2880 539 2944 Veniunt
547 2880 612 2964 jem
628 2891 660 2943 et
673 2879 751 2942 relin
775 2891 855 2943 uunt

275 3030 277 3041 ,
398 2965 549 3030 Volucres
566 2965 709 3029 Parnassi
723 2901 854 3029 cubilia:

397 3051 498 3116 Edico
513 3073 552 3116 ne
567 3051 720 3135 appropia
744 3050 822 3114 uotis
837 3050 941 3135 pinnis

399 3137 511 3237 Neque
524 3137 557 3200 iu
572 3159 681 3200 aureos
694 3072 788 3200 ebes.

399 3222 522 3287 Feriam
539 3234 570 3287 te
584 3222 673 3299 tellis,
690 3222 722 3286 O
735 3220 827 3287 Jovis

399 3307 520 3386 Princo,
539 3309 642 3372 evium
658 3318 761 3372 rostro
775 3329 872 3372 curvo

399 3393 509 3459 Robur
523 3394 659 3458 viucens.

398 3479 481 3544 Ecce
495 3479 535 3544 ad
550 3480 630 3543 atria
644 3481 723 3545 alius
737 3481 869 3566 remigat
882 3477 935 3544 hic

398 3566 542 3652 Cycnus:
565 3586 629 3629 uon
645 3565 708 3629 alio

399 3651 576 3716 Rubentem
592 3651 704 3736 pedem
721 3647 880 3715 movebis?

397 3737 486 3801 Nihil
502 3754 533 3802 te
546 3739 667 3802 cithara
682 3735 797 3802 Pboebi

397 3824 590 3888 Concentrix
607 3845 627 3887 o
641 3825 712 3888 meis
725 3821 846 3910 sagittis
860 3819 1020 3886 liberabitz
1129 3875 1135 3882 .

398 3909 536 3974 Praetera
559 3933 577 3974 e
591 3910 666 3986 aias,

397 3993 439 4058 Et
453 3933 600 4079 pelutiem
616 3995 647 4058 in
665 3994 828 4061 Deliacam
842 3991 947 4057 defer:

397 4079 586 4146 Cruentebis
601 4093 641 4157 te,
658 4081 718 4146 nisi
732 4081 938 4164 obtemperes,

396 4163 535 4230 Pulchre'
547 4189 661 4234 sonora
675 4168 824 4232 carmina.

396 4249 464 4327 Eia,
480 4251 549 4315 eia!
