2824 4860
439 207 479 274 0
491 209 563 277 RE
575 210 599 276 S
610 207 642 274 T
654 211 682 276 Ε
693 212 728 277 S.

129 379 258 448 Etenim
273 381 520 467 Agamemnonis
533 380 691 448 fortunam
706 357 841 474 cognovi

131 467 174 532 Et
187 478 333 544 mort,
349 466 582 554 qnaabnxoaa
594 469 690 554 periit
923 520 926 526 .
1070 519 1074 528 ‚

130 551 185 618 Ad
200 551 340 618 Maleam
354 549 523 626 admovens
536 575 669 621 navem:
691 575 732 621 ex
744 553 891 622 fluctibns
905 579 979 623 vero
1116 571 1120 576 '

132 639 598 708 Nantarnmvatesdixitmihi
635 663 646 684 ³
1069 689 1073 698 .

132 723 229 790 Nesoi
242 723 399 809 propheta
414 725 566 803 Glaucus,
581 747 677 792 verax
691 727 791 806 Deus,

133 809 200 886 Qui
212 809 294 875 mihi
307 809 379 876 hsao
391 811 471 878 dixit
485 823 588 878 astans
602 811 705 878 claro:

133 895 290 973 Menelao,
301 898 388 982 jacet
400 910 474 964 tuus
488 899 586 964 trater
599 911 752 977 mortuus,

134 981 281 1046 Insidens
293 983 327 1048 in
344 983 453 1050 ultima
467 982 579 1050 bslnss
593 985 701 1050 uxoris

133 1066 177 1132 Et
189 1067 396 1153 implevit'me
412 1082 442 1133 ot
456 1082 568 1136 nautas
583 1091 669 1136 meos
683 1069 830 1158 laosymis
1053 1121 1057 1127 .

134 1151 265 1219 Multis:
287 1167 454 1240 postquam
468 1169 576 1224 autam
587 1157 678 1244 attigi
692 1169 808 1222 terram
825 1155 1005 1243 Nauplion,
1065 1167 1128 1226 ³60

134 1238 186 1304 Ibi
195 1240 263 1325 jam
277 1238 341 1305 huo
354 1239 502 1306 tondente
515 1262 586 1307 mea
599 1243 744 1330 conjuge,
1055 1295 1059 1300 -

136 1325 220 1391 (intn
234 1347 392 1410 sperarem
408 1326 565 1405 Orestam,
578 1327 678 1394 filium
693 1329 950 1416 Agamemnonis,

137 1411 180 1477 Et
192 1424 327 1477 matrem
341 1411 444 1478 charis
459 1413 626 1499 complenti
641 1414 787 1493 brachiis,

137 1497 304 1585 Tanquam
320 1497 475 1576 florentes,
491 1498 595 1566 andivi
610 1523 650 1565 ex
665 1500 802 1588 quodam
817 1501 970 1586 piscatore

138 1583 265 1648 Cndom
279 1585 321 1649 im
346 1585 408 1650 iam
422 1584 661 1672 tiliis-Tyndari.
755 1666 758 1674 ,

138 1667 182 1734 Et
194 1692 290 1748 nnnc,
347 1670 538 1756 jnvtnosdoe,
553 1671 658 1750 (licite,
674 1673 729 1738 ubi
743 1687 789 1738 ost
1063 1723 1067 1732 .

138 1757 384 1844 Agamemnonis
391 1755 485 1834 fitius,
492 1757 547 1844 qni
556 1759 702 1824 sustinuit
710 1773 834 1844 patrare
842 1755 1132 1845 istamagnamsla?

139 1839 218 1908 Esnt
231 1841 317 1906 enim
331 1839 433 1908 infans
446 1855 522 1910 tuno
534 1843 568 1908 in
582 1845 727 1910 mnnibns
743 1845 1003 1931 Clytaemnestra,
1067 1895 1072 1904 .

140 1926 223 1992 Cum
237 1926 350 2014 reliqui
363 1927 507 2006 domum,
520 1928 639 1996 vadens
651 1930 692 1996 ad
706 1929 858 2017 Trojant3

140 2011 249 2090 Quare
262 2011 346 2080 haud
361 2035 439 2078 nsosc
453 2036 575 2080 nossem
590 2037 673 2094 enm,
688 2017 763 2082 licet
775 2015 955 2103 sspioerem.
1068 2019 1133 2083 870

65 2118 133 2164 san.
144 2098 202 2165 Illa
214 2119 295 2178 snm,
312 2098 470 2178 Mensae,
486 2101 624 2181 Orestas,
638 2101 679 2168 de
692 2125 757 2190 qno
769 2115 805 2168 tn
819 2103 950 2189 qnoeris,'

141 2184 260 2250 Volsns
273 2185 377 2250 dicam
393 2183 450 2251 tibi
464 2207 535 2254 moa
547 2187 639 2253 mola.

141 2269 214 2336 Tua
226 2285 333 2338 antem
345 2293 451 2360 genna
464 2275 587 2361 attingo
601 2274 755 2376 prinosps,

144 2355 283 2444 Supplex
296 2356 477 2444 appendens
491 2379 598 2444 prasos
612 2360 676 2424 oris
689 2360 883 2426 nna-ramis:

144 2443 240 2508 Serva
254 2465 324 2508 me:
345 2442 497 2510 advenisti
512 2445 626 2530 ipsein
640 2447 709 2530 ipso
724 2447 857 2512 articulo
869 2444 1036 2511 malornm.

66 2545 124 2594 nn.
146 2527 261 2608 Odii,¹
283 2528 339 2594 nid
353 2529 453 2608 video,
469 2551 563 2617 quesn
578 2545 774 2598 mortuorum
789 2531 904 2598 video?

66 2633 138 2680 ons.
147 2613 260 2766 wien
283 2617 290 2630 '
316 2615 324 2632 '
356 2615 364 2632 ‘
375 2638 384 2680 s
406 2637 472 2684 non
486 2617 571 2684 enitn
585 2617 656 2684 vivo
668 2638 737 2703 pne
745 2617 846 2698 malis,
854 2637 1035 2706 quanqusm
1046 2613 1137 2682 sidao

261 2723 341 2768 oam.

69 2803 122 2850 nn.
148 2787 253 2864 Quam
268 2809 303 2852 es
316 2787 463 2856 horridus
476 2789 649 2875 squalidam
664 2811 797 2869 comam,
813 2789 845 2856 0
860 2788 971 2856 miseri

69 2889 141 2936 ona.
150 2873 759 2960 Nonspsoissssdfisotamecmciant.
1037 2885 1040 2894 “

69 2974 125 3020 aa.
154 2957 362 3026 Horsibilitos
375 2962 472 3028 tueris
485 2963 576 3030 sionis
588 2963 717 3050 pupillis
730 2962 903 3028 oculorum.
1075 2966 1138 3024 880

68 3062 139 3108 oaa.
152 3043 200 3110 Co
241 3067 278 3110 ns
291 3047 457 3111 evanidam
471 3061 535 3113 est:
558 3047 613 3113 sed
629 3071 742 3113 nomen
757 3069 822 3113 non
838 3047 965 3136 reliquit
979 3069 1038 3113 me.

69 3145 124 3195 ssa
153 3128 185 3195 0
220 3129 380 3198 eiormitas
393 3153 548 3219 apparens
561 3133 639 3199 mihi
651 3149 768 3220 preter
782 3133 962 3220 opinionem
973 3132 986 3198 !'

70 3233 142 3280 oar.
153 3213 211 3281 Ille
224 3239 285 3301 ego
299 3237 368 3283 sum
383 3221 491 3286 matris
504 3241 584 3286 mesa
597 3222 720 3286 misero
734 3221 903 3286 homicida.

71 3317 126 3364 un
154 3301 445 3389 Audiviatpatco.
491 3305 801 3372 Rarodicersmals.
982 3309 986 3318 '
1018 3309 1020 3318 ’

70 3405 140 3452 ons.
154 3385 275 3453 Paroo:
297 3389 423 3456 dnmon
438 3403 544 3458 autom
560 3406 606 3458 ost
618 3393 704 3458 divs's
718 3391 808 3458 molis
821 3392 968 3458 advorsus
982 3411 1043 3455 me.

71 3489 132 3538 na.
155 3472 242 3559 Qnid
256 3474 315 3541 tibi
329 3473 465 3542 assidit?
486 3479 556 3565 quis
570 3478 700 3545 morbus
713 3493 745 3544 ts
755 3475 886 3579 perdit?
963 3533 966 3540 .

71 3577 148 3625 nan.
158 3558 369 3638 Conscientia,
384 3562 469 3649 quod
484 3585 552 3628 sum
568 3563 646 3630 mihi
660 3586 802 3631 conscius
814 3563 922 3629 fecisse
932 3563 1057 3630 nuncia.

71 3661 128 3710 ass.
156 3644 329 3722 Quomodo
350 3647 421 3716 ais?
443 3649 575 3734 Sapiens
595 3651 704 3735 utiquo
728 3665 786 3730 est,
807 3651 893 3738 quod
914 3649 997 3746 claro
1018 3647 1143 3730 dicitur,

73 3833 147 3881 ου..
157 3753 301 3884 'l'ristlitila¹
315 3733 623 3887 diffidwodddsmit
636 3843 697 3888 me.

71 3919 132 3967 asa.
161 3901 221 3968 Est
233 3923 316 3970 saeva
328 3905 410 3984 Dea,
425 3905 479 3971 sed
493 3915 598 3972 tomen
613 3906 785 3992 plsoabilis.
1041 3939 1051 3952 -
1080 3915 1144 3972 ³90

72 4005 151 4054 oan.
161 3987 266 4054 Etiam
279 3990 412 4072 furores,
426 3993 481 4094 qui
495 3991 688 4061 ulciscuntur
703 3994 812 4058 matris
823 3993 954 4060 coedens.

71 4090 127 4138 aaa.
142 4105 144 4112 v
157 4073 293 4149 Quando
306 4077 452 4163 incepisti
465 4077 595 4146 furere?
615 4101 688 4166 qnae
701 4079 768 4144 dies
781 4092 848 4145 tum
863 4083 951 4147 erat?

72 4175 144 4226 ons.
155 4159 232 4236 Qun
243 4162 296 4228 die
308 4165 454 4230 miseram
469 4179 605 4251 matram,
615 4165 743 4232 oneravi
757 4165 890 4233 tamaio.
964 4171 968 4178 '

72 4261 128 4310 na.
157 4247 211 4312 An
227 4248 322 4328 domi,
338 4273 378 4316 an
393 4251 530 4318 assidens
543 4253 582 4318 ad
596 4249 733 4339 rogum?
870 4257 873 4266 '
