2862 4864
258 194 323 276 sas
627 185 960 252 nuurrrors

349 365 514 430 Snsunm
526 361 650 427 dolores
664 362 697 426 in
712 377 824 448 parm:

350 449 394 516 Et
407 472 493 515 nnnc
509 449 606 514 Pluto

349 536 462 602 Meum
476 534 574 600 habet
585 534 726 600 laborem
740 535 882 599 miserm:

273 675 287 706 ·.
434 622 519 687 anim
532 621 989 686 meamus-nutritorem
1003 641 1069 686 uon
1084 620 1198 701 babeo,

392 710 400 724 '
494 709 568 773 licet
581 709 689 794 peperi
703 707 818 772 lilium.

263 813 343 858 run.
349 795 450 881 Atqui
463 817 652 883 generosum
666 793 769 860 Oiclei
784 792 885 856 filiurn

348 880 417 962 Dii,
431 883 538 945 virum
551 880 742 966 abripientm
756 879 789 943 in
802 881 925 944 abditos
939 891 1033 944 terrae
1048 881 1135 944 sinus

348 967 432 1032 Cum
447 967 523 1054 ipsis
535 967 708 1116 apodrigis,
723 965 857 1030 laudant
869 963 970 1030 clare:

417 1053 522 1141 'ique
572 1057 646 1130 um,
663 1051 840 1138 Polynicen
853 1050 937 1128 dico,
1288 1063 1354 1120 930

348 1139 417 1204 Nor
485 1141 605 1216 dantes,
621 1161 688 1203 non
700 1138 898 1204 mentiemur.

347 1225 427 1290 Erat
440 1226 524 1290 eninr
538 1226 617 1290 mibi
632 1226 754 1310 hospes,
769 1224 953 1308 priusquam
967 1223 1077 1288 relico
1092 1223 1207 1288 Cadmi
1223 1226 1305 1290 urbe

348 1311 456 1377 Exilia
469 1325 658 1398 spontaneus
672 1312 829 1397 trajiceret
842 1309 885 1374 ad
899 1309 1015 1408 Argos.

349 1397 413 1464 Sed
428 1399 487 1462 scis
500 1398 576 1485 quid
591 1397 685 1468 velim
701 1408 730 1460 te
743 1397 844 1462 fucere
858 1395 898 1459 de
912 1394 1006 1460 istis?

262 1503 317 1555 an.
347 1483 424 1548 Non
446 1484 522 1562 scio,
543 1485 604 1548 nisi
625 1505 724 1550 unum
738 1485 803 1560 hoc,
825 1503 877 1546 me
898 1481 961 1546 tois
975 1481 1269 1568 obtemperaturum
1285 1506 1356 1548 me

432 1571 547 1636 verbis.

260 1675 338 1719 nnn
346 1655 536 1722 Percussum
550 1656 677 1744 quidem
692 1657 765 1742 igue
780 1655 866 1720 Jovis
882 1654 1118 1740 Capanea-

260 1761 316 1806 un.
347 1746 398 1807 An
412 1745 459 1808 ris
474 1743 605 1828 sepelire
617 1743 758 1819 seorsim,
775 1757 926 1827 tanquam
940 1762 1063 1808 sacrum
1079 1740 1240 1806 cadaver?

260 1829 458 1896 rns.Certe:
482 1851 591 1895 omnes
605 1849 680 1894 vero
693 1827 770 1893 alias
786 1830 818 1892 in
833 1849 898 1892 uuo
913 1849 1002 1915 rogo.

259 1935 315 1977 nu.
348 1913 415 1981 Ubi
429 1938 504 1981 vero
518 1915 611 1981 facies
625 1914 700 1978 huic
715 1928 956 1979 monumentum
971 1915 1010 1976 ob
1024 1914 1095 1978 aliis
1108 1913 1317 1999 separatum?

259 2020 339 2064 nnn.
348 2001 425 2080 Hic,
440 2001 558 2067 faciens
571 2000 771 2086 sepulchrum
783 2000 876 2085 juxta
890 1999 964 2065 istas
979 1999 1074 2065 sdes.
1284 2009 1353 2066 940

260 2106 317 2150 un.
349 2085 416 2152 Hic
431 2102 536 2152 autern
550 2086 641 2151 labor
655 2107 740 2151 curse
749 2088 816 2171 jam
831 2087 893 2150 erit
907 2088 1014 2152 servis.

259 2172 449 2238 rnnNobis
465 2196 538 2238 vero
552 2173 620 2238 isti:
643 2175 818 2257 procedant
834 2173 932 2260 igitur
946 2194 1044 2236 onera
1057 2171 1262 2238 cadaverum.

259 2279 315 2338 no.
348 2257 407 2338 Ite,
423 2259 459 2325 Ο
469 2261 592 2324 miserae
606 2271 721 2324 matres
734 2258 885 2338 liliorum,
899 2279 1010 2343 prope.

258 2364 338 2409 uns.
348 2343 562 2432 Nequaquam,
578 2344 722 2422 Adraste,
737 2345 826 2420 diois,
842 2341 903 2408 boo
917 2345 1005 2409 utile.

206 2421 214 2438 ’
259 2451 314 2496 sn.
338 2429 517 2507 Quomodo
530 2451 596 2496 non
610 2433 758 2495 convenit
771 2430 885 2518 attingi
900 2454 920 2495 a
933 2430 1087 2496 matribus
1101 2427 1243 2494 liberos?

253 2516 504 2598 rnnPerierint
517 2518 543 2582 si
557 2517 627 2582 illos
640 2515 831 2582 deformatos
845 2515 993 2582 viderint.

258 2625 313 2669 so.
347 2602 467 2669 Masta
480 2605 564 2668 enirn
579 2602 757 2688 spectacula
769 2603 940 2668 inferorum
952 2603 1089 2688 principi
1098 2601 1245 2689 jucunda
1256 2619 1352 2668 sunt:

258 2689 445 2768 rnr.Quid,
460 2713 524 2769 oro,
539 2689 682 2755 dolorem
697 2690 762 2754 istis
776 2689 892 2754 addere
906 2689 977 2754 ris?

257 2796 312 2840 un.
346 2775 470 2842 Vincis:
495 2789 621 2862 oportet
634 2798 761 2840 manere
774 2775 948 2860 patienter:
972 2775 1050 2840 dicit
1064 2775 1148 2840 enim
1164 2791 1252 2840 recte

343 2861 493 2929 'I'bcsens
539 2861 649 2940 Quum
663 2875 767 2927 autern
783 2862 858 2926 istos
872 2861 1114 2947 imposuerimus
1128 2862 1207 2948 igni,
1284 2871 1351 2926 950

343 2946 427 3013 Ossa
441 2947 709 3014 moveberis—O
722 2949 826 3012 miseri
843 2949 1002 3031 mortales,

340 3033 430 3110 Quid
444 3037 632 3120 comparatis
645 3034 760 3112 hastas,
776 3047 808 3098 et
820 3049 946 3100 mutuas
960 3033 1062 3100 eaedes

343 3119 484 3184 Facitis?
504 3135 632 3186 cessate.
677 3120 766 3196 Quin
782 3142 837 3185 vos
850 3120 1028 3186 desinentes
1042 3143 1062 3185 a
1075 3118 1240 3185 laboribus

342 3205 472 3274 Servate
487 3207 579 3272 urbes
594 3207 691 3294 quieti
707 3228 780 3270 cum
795 3207 918 3293 quietis.

282 3325 290 3372 t
341 3291 403 3356 Res
419 3294 520 3356 brevis
533 3305 581 3358 est
594 3295 676 3361 vita:
699 3305 731 3356 et
746 3313 815 3357 eam
830 3295 978 3358 convenit

340 3373 532 3466 Transigere
545 3400 641 3465 qnam
655 3377 812 3455 facillime,
828 3393 859 3444 et
873 3401 940 3444 non
954 3399 1012 3464 per
1024 3375 1158 3444 labores

253 3481 330 3529 ono.
340 3461 415 3530 Non
429 3485 494 3531 rum
504 3467 642 3550 amplius
652 3465 744 3530 beata
755 3465 872 3542 liberis,
881 3487 947 3529 non
958 3459 1191 3550 ampliusprole
1205 3461 1253 3528 fe·
1262 3467 1350 3550 (stt.)

336 3549 390 3629 lix,
407 3574 508 3654 neque
521 3574 591 3616 sum
604 3553 763 3637 particeps
777 3548 843 3616 feli-

336 3637 439 3703 citatis
452 3651 535 3710 mter
545 3653 665 3718 ¹matres
679 3637 830 3725 Argivas:

335 3723 450 3809 Neque
464 3724 582 3804 Diana,
597 3747 669 3809 quae
683 3723 773 3790 adest
787 3723 1035 3810 parturientibus
1280 3733 1350 3790 960

338 3809 460 3875 Salutat
473 3833 532 3874 nos
546 3811 666 3888 amissis
680 3809 795 3874 liberis.

337 3893 457 3962 Misera
470 3909 577 3962 sutem
591 3898 652 3961 erit
664 3897 739 3974 vita,

335 3979 425 4046 Sicut
439 3994 543 4048 autem
557 4004 667 4048 errans
681 3981 790 4058 nubes,

256 4137 260 4146 Ι
335 4066 366 4130 Α
381 4069 471 4132 saevis
485 4071 586 4134 ventis
599 4068 756 4155 impellor.

285 4185 291 4199 ·
334 4151 463 4237 Septem
480 4167 594 4220 matres
608 4169 727 4241 septem
743 4153 857 4218 liberos
872 4152 1053 4238 peperimus
1066 4151 1160 4216 mise·
1248 4157 1346 4238 (ott.)

333 4259 389 4316 ra,
406 4241 678 4325 prestantissimae
692 4241 775 4306 inter
789 4240 944 4328 Argivos:
