2824 4860
456 143 789 258 antuman.

81 401 84 415 ι
158 361 261 429 Intuli
273 359 393 430 belluas
406 357 598 428 &unanimis
612 361 805 446 parentibus.

158 448 223 516 Sed
238 447 280 513 ad
295 447 477 532 tepertinet
487 447 706 515 renonciliati«)
719 447 834 516 borum
849 444 1014 524 malorum,

158 535 192 600 Ο
208 545 319 612 maiar,
334 545 374 600 ut
384 532 595 601 reconciliatis
609 532 714 600 chasia
726 532 886 611 fratribus,
983 576 987 585 ·

159 621 294 686 Liberae
308 642 328 685 a
342 619 505 686 laboribus
517 641 582 698 me,
595 630 628 684 et
641 633 682 697 te,
697 631 729 684 et
743 632 841 689 totam
856 620 978 687 urbem.

155 708 228 774 Janr
244 707 321 774 olim
336 705 466 792 quidest
481 705 674 781 celebratum
688 719 747 784 est,
761 707 816 776 sed
831 720 936 774 tamen
950 707 1074 777 dieams
1098 715 1164 774 440

158 792 442 880 Opeahominibua
455 791 834 870 ιιιιιιιΙιοιιιιιιιιὶιείιιιοι,ι
1025 837 1029 840 -

95 943 101 958 ,
158 880 203 945 Et
217 879 338 944 babent
351 879 522 944 maximam
537 879 709 964 potentiam
724 879 808 946 inter
822 878 977 948 homines.

158 966 249 1043 Quas
263 988 324 1052 ego
338 978 469 1051 propter
482 964 546 1030 bue
559 965 665 1045 venio,
679 965 798 1032 docens
813 966 995 1034 innumeras

159 1051 298 1120 Hartast
321 1073 395 1118 uam
409 1051 525 1116 nobilia
537 1052 598 1128 vir,
613 1051 639 1118 si
653 1073 775 1138 pauper
787 1052 837 1130 ait,
852 1053 932 1122 nihil
947 1066 1002 1128 est

79 1139 255 1226 cno.Atqui
272 1137 416 1206 Eteoclea
428 1137 470 1204 ad
484 1138 772 1206 reconciliationem
788 1139 856 1224 ipse

158 1224 312 1291 Accedit:
334 1225 381 1290 tni
394 1223 490 1290 officii
503 1235 558 1302 sat,
574 1223 608 1290 Ο
621 1237 722 1290 mater
734 1225 874 1302 locusta,
889 1224 995 1293 dicere

156 1311 252 1378 Tales
266 1332 436 1389 sermones,
472 1312 566 1377 nibus
579 1311 784 1378 mcouciliara
797 1311 896 1397 possis
910 1311 1001 1384 filios·

78 1417 148 1467 ura.
160 1397 278 1475 Mater,
294 1397 427 1462 adsum:
514 1417 620 1463 suero
634 1397 692 1465 tibi
706 1396 789 1464 hanc
802 1398 947 1486 gratiam,

156 1484 248 1549 Veni.
280 1482 367 1559 Quid
382 1505 434 1548 me
448 1482 551 1550 iaceam
564 1483 714 1570 oportet?
736 1485 867 1570 incipiat
880 1484 992 1571 aliquis
1005 1483 1128 1550 dicerer

157 1569 245 1646 Quia
258 1569 343 1635 circa
358 1570 717 1638 moeniaetcohortinm
732 1572 822 1656 paria
1096 1579 1162 1638 450

158 1656 300 1722 Correus
314 1655 437 1720 inhibui
451 1651 621 1734 civitatem,
638 1669 673 1722 ut
688 1679 707 1721 a
721 1670 753 1724 te
767 1657 910 1724 audirem
962 1711 967 1720 ,

157 1743 371 1809 Communem
392 1743 644 1825 arbitratiouem,
658 1756 790 1830 propter
809 1765 905 1830 quam
923 1742 1013 1814 famis
1026 1741 1164 1810 induciis

243 1829 349 1894 venire
1061 1839 1076 1874 ⁸

157 1915 259 1980 Hunc
273 1913 420 2002 recepisti
433 1915 519 1981 intre
531 1936 650 1992 muros,
665 1915 860 1999 peneadem
875 1935 936 1982 ma.
1061 1931 1073 1951 ⁸

77 2021 144 2068 roc.
159 1999 314 2087 Expecta.
345 2000 497 2066 Celeriter
511 2020 575 2066 uon
585 2001 739 2086 justitiam
755 2001 852 2068 babet
865 2023 988 2068 mcums

156 2087 259 2154 Turdi
273 2099 379 2153 autem
394 2109 552 2152 sermones
566 2088 706 2154 efficiunt
719 2088 857 2174 plurima
869 2089 1054 2175 sapientem.

157 2175 299 2242 Remitte
312 2187 421 2244 torvos
433 2174 553 2251 omloa
569 2185 601 2239 et
614 2176 712 2242 animi
723 2175 832 2242 flatarz

117 2313 118 2322 ,
155 2261 233 2328 Non
247 2263 333 2326 euim
349 2260 480 2326 intueris
493 2261 658 2344 praecisum
674 2261 849 2328 afaucibus
863 2273 961 2348 eaput

155 2349 329 2436 Gorgonis,
345 2347 398 2412 sed
413 2347 545 2430 pacilius
559 2347 735 2414 venientem
750 2346 880 2414 fratrem
895 2363 996 2416 tuum.

154 2433 209 2500 Tu
225 2455 354 2520 quoque
363 2433 502 2498 statem
517 2433 641 2498 vultum
655 2433 696 2498 ad
710 2433 840 2500 fratrem
854 2447 949 2514 verte,

153 2520 339 2607 Polynices:
363 2541 436 2584 nam
451 2521 484 2584 in
499 2519 582 2584 idem
598 2533 689 2585 tuens
704 2521 803 2586 oculis
1092 2529 1159 2588 460

153 2606 316 2693 Dicesque
329 2606 452 2684 melios,
467 2621 500 2671 et
514 2606 626 2671 melius
640 2606 777 2692 excipies
791 2607 885 2692 hujus
899 2627 1068 2673 sermones.

157 2693 342 2758 Admonere
354 2713 429 2757 vero
443 2715 499 2757 vos
512 2691 632 2780 aliquid
645 2695 769 2778 sapiens
783 2694 872 2758 volnt

155 2778 298 2856 Quando
311 2780 431 2844 amicus
444 2779 558 2865 aliquis
570 2779 669 2865 iratus
683 2780 796 2858 emim,

155 2865 386 2954 congrediens,
402 2879 513 2930 mutuo
527 2866 648 2950 aspicit,

155 2951 293 3037 Oportet
307 2963 432 3018 tantum
446 2973 484 3016 ea
498 2951 709 3032 considerare,
725 2963 856 3038 propter
869 2973 942 3054 quoe
956 2953 1053 3032 mnis,

155 3035 305 3104 Priorum
323 3059 398 3103 vero
411 3039 568 3104 malorum
583 3058 785 3125 nequaquam
798 3039 986 3105 meminisse.

155 3123 246 3189 Ofili
263 3123 441 3212 Polynices,
455 3138 513 3190 tua
526 3126 629 3190 oratio
643 3126 732 3212 prior
743 3147 811 3192 esse
824 3125 938 3205 debesa
960 3157 963 3167 ’

155 3209 207 3276 Tu
221 3213 307 3277 enim
323 3212 410 3276 renis
424 3211 585 3278 adducens
599 3213 770 3278 exercitum
786 3215 986 3289 urceorum,

155 3297 268 3362 Passus
283 3299 409 3385 injuste,
425 3311 460 3364 ut
473 3313 510 3363 tu
523 3298 619 3364 dieis:
637 3300 737 3384 jadex
751 3320 827 3366 sero
841 3299 954 3388 aliquis

153 3383 296 3449 Deorum
313 3386 369 3449 liat
382 3399 412 3448 et
428 3384 647 3450 reconciliator
661 3385 829 3452 malorum.
1094 3391 1157 3455 470

65 3487 142 3532 1²01.
154 3469 267 3536 Oratio
281 3471 422 3536 veritatis
436 3471 571 3556 simplex
585 3485 644 3549 eal,

154 3555 197 3621 Et
211 3579 275 3622 non
290 3571 420 3644 compta
433 3558 577 3624 mationa
591 3571 696 3645 egent,
711 3581 784 3646 qaae
793 3559 880 3644 justa
894 3569 985 3624 aunt:

155 3643 288 3710 Habent
302 3648 388 3710 saint
403 3645 437 3708 in
452 3667 485 3710 se
497 3643 641 3731 pondus:
663 3647 779 3733 injusta
793 3658 899 3710 sutem
915 3643 1028 3722 oratio,

153 3727 253 3818 AEgra
266 3753 340 3832 cum
355 3731 397 3796 sit
410 3753 468 3816 per
481 3753 525 3810 se,
540 3731 862 3833 medicarnentisueget
876 3729 1064 3819 sophisticis.

154 3813 833 4005 ffomsgsfflgoncfflnffl,pzspgjrm‚
862 3917 895 3970 et
922 3905 1022 3972 vitare
1050 3902 1158 3970 voleus

235 4003 459 4068 armenes,

153 4073 241 4150 Quas
256 4077 397 4161 OEdipur
409 4077 491 4142 dixit
505 4077 654 4156 adversus
668 4098 728 4143 nos
742 4075 925 4165 aliquando,

154 4160 289 4227 Discessi
304 4177 503 4250 sponte-mea
514 4187 555 4229 ex
569 4163 630 4230 bac
644 4179 740 4246 terra,

106 4265 109 4270 ·
154 4245 340 4316 Concedent
353 4249 429 4322 huic
440 4263 478 4318 ut
493 4267 642 4342 regnaret
652 4252 686 4318 in
701 4253 805 4338 patria
818 4273 876 4338 psr
890 4250 965 4320 anui
980 4249 1101 4328 orbem,
