<?xml version="1.0" encoding="UTF-8"?>
<!DOCTYPE html PUBLIC "-//W3C//DTD XHTML 1.0 Transitional//EN"
    "http://www.w3.org/TR/xhtml1/DTD/xhtml1-transitional.dtd">
<html xmlns="http://www.w3.org/1999/xhtml" xml:lang="en" lang="en">
 <head>
  <title>
</title>
<meta http-equiv="Content-Type" content="text/html;charset=utf-8" />
  <meta name='ocr-system' content='tesseract 3.04.00' />
  <meta name='ocr-capabilities' content='ocr_page ocr_carea ocr_par ocr_line ocrx_word'/>
</head>
<body>
  <div class='ocr_page' id='page_1' title='image "./euripidistragoe00mattgoog/euripidistragoe00mattgoog_0377.png"; bbox 0 0 2852 4862; ppageno 0'>
   <div class='ocr_carea' id='block_1_1' title="bbox 646 225 972 296">
    <p class='ocr_par' dir='ltr' id='par_1_1' title="bbox 646 225 972 296">
     <span class='ocr_line' id='line_1_1' title="bbox 646 225 972 296; baseline -0.003 0"><span class='ocrx_word' id='word_1_1' title='bbox 646 225 972 296; x_wconf 78' lang='lat' dir='ltr'><strong>EUn1P1ots</strong></span> 
     </span>
    </p>
   </div>
   <div class='ocr_carea' id='block_1_2' title="bbox 278 403 1358 2989">
    <p class='ocr_par' dir='ltr' id='par_1_2' title="bbox 278 403 1358 2989">
     <span class='ocr_line' id='line_1_2' title="bbox 360 403 1158 483; baseline -0.013 -6"><span class='ocrx_word' id='word_1_2' title='bbox 360 409 491 477; x_wconf 84' lang='lat' dir='ltr'><strong>Restiti:</strong></span> <span class='ocrx_word' id='word_1_3' title='bbox 515 406 559 471; x_wconf 92' lang='lat' dir='ltr'><strong>ibi</strong></span> <span class='ocrx_word' id='word_1_4' title='bbox 574 405 639 470; x_wconf 84' lang='lat' dir='ltr'><strong>uidi</strong></span> <span class='ocrx_word' id='word_1_5' title='bbox 656 403 809 483; x_wconf 85' lang='lat' dir='ltr'><strong>Rhesum,</strong></span> <span class='ocrx_word' id='word_1_6' title='bbox 821 404 917 470; x_wconf 82' lang='lat' dir='ltr'><strong>veluti</strong></span> <span class='ocrx_word' id='word_1_7' title='bbox 931 405 1037 482; x_wconf 87' lang='lat' dir='ltr'><strong>deum,</strong></span> <span class='ocrx_word' id='word_1_8' title='bbox 1152 441 1158 448; x_wconf 91' lang='lat'><strong>·</strong></span> 
     </span>
     <span class='ocr_line' id='line_1_3' title="bbox 359 489 1091 564; baseline -0.01 -1"><span class='ocrx_word' id='word_1_9' title='bbox 359 499 501 564; x_wconf 77' lang='lat' dir='ltr'><strong>Stantem</strong></span> <span class='ocrx_word' id='word_1_10' title='bbox 517 497 549 558; x_wconf 92' lang='lat' dir='ltr'><strong>in</strong></span> <span class='ocrx_word' id='word_1_11' title='bbox 565 493 712 557; x_wconf 85' lang='lat' dir='ltr'><strong>Thraciis</strong></span> <span class='ocrx_word' id='word_1_12' title='bbox 726 489 871 556; x_wconf 84' lang='lat' dir='ltr'><strong>curribus</strong></span> <span class='ocrx_word' id='word_1_13' title='bbox 926 491 1091 556; x_wconf 85' lang='lat' dir='ltr'><strong>uestribus.</strong></span> 
     </span>
     <span class='ocr_line' id='line_1_4' title="bbox 358 578 1144 667; baseline -0.006 -18"><span class='ocrx_word' id='word_1_14' title='bbox 358 587 498 649; x_wconf 83' lang='lat' dir='ltr'><strong>Aureum</strong></span> <span class='ocrx_word' id='word_1_15' title='bbox 513 593 617 645; x_wconf 90' lang='lat' dir='ltr'><strong>antem</strong></span> <span class='ocrx_word' id='word_1_16' title='bbox 628 579 847 667; x_wconf 80' lang='lat' dir='ltr'><strong>jugementum</strong></span> <span class='ocrx_word' id='word_1_17' title='bbox 861 599 900 642; x_wconf 84' lang='lat' dir='ltr'><strong>oo</strong></span> <span class='ocrx_word' id='word_1_18' title='bbox 923 598 976 642; x_wconf 87' lang='lat' dir='ltr'><strong>orn</strong></span> <span class='ocrx_word' id='word_1_19' title='bbox 986 578 1144 666; x_wconf 73' lang='lat' dir='ltr'><strong>jugalium</strong></span> 
     </span>
     <span class='ocr_line' id='line_1_5' title="bbox 358 663 1355 756; baseline -0.007 -23"><span class='ocrx_word' id='word_1_20' title='bbox 358 669 523 756; x_wconf 82' lang='lat' dir='ltr'>Equorum</span> <span class='ocrx_word' id='word_1_21' title='bbox 537 665 714 740; x_wconf 87' lang='lat' dir='ltr'><strong>claudebat,</strong></span> <span class='ocrx_word' id='word_1_22' title='bbox 730 665 802 728; x_wconf 83' lang='lat' dir='ltr'><strong>nire</strong></span> <span class='ocrx_word' id='word_1_23' title='bbox 815 663 1044 728; x_wconf 86' lang='lat' dir='ltr'><strong>eaudidiorurn.</strong></span> <span class='ocrx_word' id='word_1_24' title='bbox 1294 675 1355 734; x_wconf 71' lang='lat'><strong>900</strong></span> 
     </span>
     <span class='ocr_line' id='line_1_6' title="bbox 363 748 981 836; baseline -0.013 -16"><span class='ocrx_word' id='word_1_25' title='bbox 363 754 454 820; x_wconf 87' lang='lat' dir='ltr'><strong>Pelta</strong></span> <span class='ocrx_word' id='word_1_26' title='bbox 466 775 541 819; x_wconf 81' lang='lat' dir='ltr'><strong>vero</strong></span> <span class='ocrx_word' id='word_1_27' title='bbox 555 753 587 816; x_wconf 91' lang='lat' dir='ltr'><strong>in</strong></span> <span class='ocrx_word' id='word_1_28' title='bbox 603 751 741 836; x_wconf 85' lang='lat' dir='ltr'><strong>humeris</strong></span> <span class='ocrx_word' id='word_1_29' title='bbox 755 749 858 814; x_wconf 88' lang='lat' dir='ltr'><strong>aureis</strong></span> <span class='ocrx_word' id='word_1_30' title='bbox 871 748 981 833; x_wconf 76' lang='lat' dir='ltr'><strong>figuris</strong></span> 
     </span>
     <span class='ocr_line' id='line_1_7' title="bbox 361 835 1307 930; baseline -0.001 -24"><span class='ocrx_word' id='word_1_31' title='bbox 361 840 533 928; x_wconf 81' lang='lat' dir='ltr'><strong>Fulgebat:</strong></span> <span class='ocrx_word' id='word_1_32' title='bbox 557 837 669 925; x_wconf 79' lang='lat' dir='ltr'><strong>Gorgo</strong></span> <span class='ocrx_word' id='word_1_33' title='bbox 683 859 767 913; x_wconf 81' lang='lat' dir='ltr'><strong>vero,</strong></span> <span class='ocrx_word' id='word_1_34' title='bbox 783 835 916 899; x_wconf 86' lang='lat' dir='ltr'><strong>velutin</strong></span> <span class='ocrx_word' id='word_1_35' title='bbox 931 835 1011 900; x_wconf 73' lang='lat' dir='ltr'><strong>Des,-</strong></span> <span class='ocrx_word' id='word_1_36' title='bbox 1027 837 1171 904; x_wconf 78' lang='lat' dir='ltr'><strong>Polladir</strong></span> <span class='ocrx_word' id='word_1_37' title='bbox 1184 839 1307 930; x_wconf 82' lang='lat' dir='ltr'><strong>clypeo,</strong></span> 
     </span>
     <span class='ocr_line' id='line_1_8' title="bbox 361 922 903 1010; baseline -0.013 -19"><span class='ocrx_word' id='word_1_38' title='bbox 361 927 471 1003; x_wconf 83' lang='lat' dir='ltr'><strong>AErea,</strong></span> <span class='ocrx_word' id='word_1_39' title='bbox 488 925 583 988; x_wconf 82' lang='lat' dir='ltr'><strong>fronti</strong></span> <span class='ocrx_word' id='word_1_40' title='bbox 597 944 749 1010; x_wconf 76' lang='lat' dir='ltr'><strong>equmum</strong></span> <span class='ocrx_word' id='word_1_41' title='bbox 764 922 903 1009; x_wconf 80' lang='lat' dir='ltr'><strong>alligata,</strong></span> 
     </span>
     <span class='ocr_line' id='line_1_9' title="bbox 362 1006 1061 1077; baseline -0.007 0"><span class='ocrx_word' id='word_1_42' title='bbox 362 1015 444 1077; x_wconf 88' lang='lat' dir='ltr'><strong>Cum</strong></span> <span class='ocrx_word' id='word_1_43' title='bbox 461 1011 566 1076; x_wconf 88' lang='lat' dir='ltr'><strong>multis</strong></span> <span class='ocrx_word' id='word_1_44' title='bbox 581 1006 798 1074; x_wconf 71' lang='lat' dir='ltr'><strong>tintinnabulis</strong></span> <span class='ocrx_word' id='word_1_45' title='bbox 812 1029 924 1071; x_wconf 91' lang='lat' dir='ltr'><strong>sonum</strong></span> <span class='ocrx_word' id='word_1_46' title='bbox 938 1007 1061 1073; x_wconf 79' lang='lat' dir='ltr'><strong>edebat.</strong></span> 
     </span>
     <span class='ocr_line' id='line_1_10' title="bbox 362 1095 1286 1180; baseline -0.001 -16"><span class='ocrx_word' id='word_1_47' title='bbox 362 1096 601 1164; x_wconf 87' lang='lat' dir='ltr'><strong>Multitudinem</strong></span> <span class='ocrx_word' id='word_1_48' title='bbox 616 1115 691 1160; x_wconf 86' lang='lat' dir='ltr'><strong>vero</strong></span> <span class='ocrx_word' id='word_1_49' title='bbox 705 1095 861 1159; x_wconf 85' lang='lat' dir='ltr'><strong>exercitus</strong></span> <span class='ocrx_word' id='word_1_50' title='bbox 875 1115 976 1180; x_wconf 89' lang='lat' dir='ltr'><strong>oeque</strong></span> <span class='ocrx_word' id='word_1_51' title='bbox 990 1095 1023 1158; x_wconf 88' lang='lat' dir='ltr'><strong>in</strong></span> <span class='ocrx_word' id='word_1_52' title='bbox 1038 1095 1159 1161; x_wconf 89' lang='lat' dir='ltr'><strong>ratione</strong></span> <span class='ocrx_word' id='word_1_53' title='bbox 1172 1097 1286 1163; x_wconf 83' lang='lat' dir='ltr'><strong>eulculi</strong></span> 
     </span>
     <span class='ocr_line' id='line_1_11' title="bbox 363 1181 1048 1269; baseline -0.009 -20"><span class='ocrx_word' id='word_1_54' title='bbox 363 1184 486 1250; x_wconf 82' lang='lat' dir='ltr'><strong>Ponere</strong></span> <span class='ocrx_word' id='word_1_55' title='bbox 499 1205 617 1269; x_wconf 86' lang='lat' dir='ltr'><strong>posses,</strong></span> <span class='ocrx_word' id='word_1_56' title='bbox 632 1181 712 1245; x_wconf 89' lang='lat' dir='ltr'><strong>adeo</strong></span> <span class='ocrx_word' id='word_1_57' title='bbox 726 1181 879 1244; x_wconf 87' lang='lat' dir='ltr'><strong>immensa</strong></span> <span class='ocrx_word' id='word_1_58' title='bbox 891 1194 958 1244; x_wconf 84' lang='lat' dir='ltr'><strong>erat</strong></span> <span class='ocrx_word' id='word_1_59' title='bbox 970 1181 1048 1244; x_wconf 85' lang='lat' dir='ltr'><strong>visu.</strong></span> 
     </span>
     <span class='ocr_line' id='line_1_12' title="bbox 363 1263 1315 1354; baseline -0.001 -19"><span class='ocrx_word' id='word_1_60' title='bbox 363 1271 463 1335; x_wconf 82' lang='lat' dir='ltr'><strong>Erant</strong></span> <span class='ocrx_word' id='word_1_61' title='bbox 476 1271 560 1333; x_wconf 88' lang='lat' dir='ltr'><strong>enim</strong></span> <span class='ocrx_word' id='word_1_62' title='bbox 574 1266 664 1332; x_wconf 88' lang='lat' dir='ltr'><strong>multi</strong></span> <span class='ocrx_word' id='word_1_63' title='bbox 679 1268 809 1354; x_wconf 86' lang='lat' dir='ltr'><strong>equites,</strong></span> <span class='ocrx_word' id='word_1_64' title='bbox 825 1279 856 1330; x_wconf 90' lang='lat' dir='ltr'><strong>et</strong></span> <span class='ocrx_word' id='word_1_65' title='bbox 871 1263 960 1330; x_wconf 88' lang='lat' dir='ltr'><strong>multi</strong></span> <span class='ocrx_word' id='word_1_66' title='bbox 975 1267 1164 1351; x_wconf 85' lang='lat' dir='ltr'><strong>peltatoruua</strong></span> <span class='ocrx_word' id='word_1_67' title='bbox 1178 1271 1315 1348; x_wconf 78' lang='lat' dir='ltr'><strong>ordines,</strong></span> 
     </span>
     <span class='ocr_line' id='line_1_13' title="bbox 363 1352 1188 1441; baseline -0.002 -21"><span class='ocrx_word' id='word_1_68' title='bbox 363 1355 407 1422; x_wconf 85' lang='lat' dir='ltr'><strong>Et</strong></span> <span class='ocrx_word' id='word_1_69' title='bbox 420 1354 511 1420; x_wconf 90' lang='lat' dir='ltr'><strong>multi</strong></span> <span class='ocrx_word' id='word_1_70' title='bbox 526 1355 711 1441; x_wconf 76' lang='lat' dir='ltr'><strong>sagittarum</strong></span> <span class='ocrx_word' id='word_1_71' title='bbox 722 1352 922 1438; x_wconf 86' lang='lat' dir='ltr'><strong>jaculatores,</strong></span> <span class='ocrx_word' id='word_1_72' title='bbox 936 1365 968 1416; x_wconf 88' lang='lat' dir='ltr'><strong>et</strong></span> <span class='ocrx_word' id='word_1_73' title='bbox 982 1353 1082 1417; x_wconf 88' lang='lat' dir='ltr'><strong>multa</strong></span> <span class='ocrx_word' id='word_1_74' title='bbox 1095 1354 1188 1418; x_wconf 86' lang='lat' dir='ltr'><strong>turba</strong></span> 
     </span>
     <span class='ocr_line' id='line_1_14' title="bbox 362 1437 1339 1529; baseline -0.001 -22"><span class='ocrx_word' id='word_1_75' title='bbox 362 1442 458 1507; x_wconf 68' lang='lat' dir='ltr'><strong>Ievis</strong></span> <span class='ocrx_word' id='word_1_76' title='bbox 471 1455 641 1506; x_wconf 77' lang='lat' dir='ltr'><strong>armaturae</strong></span> <span class='ocrx_word' id='word_1_77' title='bbox 655 1438 853 1524; x_wconf 82' lang='lat' dir='ltr'><strong>sequebatur,</strong></span> <span class='ocrx_word' id='word_1_78' title='bbox 869 1437 1044 1503; x_wconf 85' lang='lat' dir='ltr'><strong>Thracium</strong></span> <span class='ocrx_word' id='word_1_79' title='bbox 1059 1441 1201 1506; x_wconf 79' lang='lat' dir='ltr'><strong>uestitum</strong></span> <span class='ocrx_word' id='word_1_80' title='bbox 1216 1465 1339 1529; x_wconf 77' lang='lat' dir='ltr'><strong>gerens.</strong></span> 
     </span>
     <span class='ocr_line' id='line_1_15' title="bbox 364 1524 1357 1613; baseline -0.009 -21"><span class='ocrx_word' id='word_1_81' title='bbox 364 1525 557 1613; x_wconf 69' lang='lat' dir='ltr'><strong>Hujunodi</strong></span> <span class='ocrx_word' id='word_1_82' title='bbox 572 1525 680 1611; x_wconf 86' lang='lat' dir='ltr'><strong>Trojae</strong></span> <span class='ocrx_word' id='word_1_83' title='bbox 694 1526 796 1588; x_wconf 86' lang='lat' dir='ltr'><strong>socius</strong></span> <span class='ocrx_word' id='word_1_84' title='bbox 809 1524 899 1588; x_wconf 87' lang='lat' dir='ltr'><strong>adest</strong></span> <span class='ocrx_word' id='word_1_85' title='bbox 911 1527 969 1602; x_wconf 83' lang='lat' dir='ltr'><strong>vir,</strong></span> <span class='ocrx_word' id='word_1_86' title='bbox 1295 1538 1357 1596; x_wconf 80' lang='lat'><strong>310</strong></span> 
     </span>
     <span class='ocr_line' id='line_1_16' title="bbox 362 1609 1146 1700; baseline -0.001 -23"><span class='ocrx_word' id='word_1_87' title='bbox 362 1613 468 1690; x_wconf 87' lang='lat' dir='ltr'><strong>Quem</strong></span> <span class='ocrx_word' id='word_1_88' title='bbox 483 1633 585 1700; x_wconf 88' lang='lat' dir='ltr'><strong>neque</strong></span> <span class='ocrx_word' id='word_1_89' title='bbox 598 1609 731 1698; x_wconf 79' lang='lat' dir='ltr'><strong>fugiens,</strong></span> <span class='ocrx_word' id='word_1_90' title='bbox 747 1633 849 1698; x_wconf 87' lang='lat' dir='ltr'><strong>neque</strong></span> <span class='ocrx_word' id='word_1_91' title='bbox 863 1610 1033 1675; x_wconf 78' lang='lat' dir='ltr'><strong>subsistens</strong></span> <span class='ocrx_word' id='word_1_92' title='bbox 1046 1611 1146 1692; x_wconf 88' lang='lat' dir='ltr'><strong>hasta,</strong></span> 
     </span>
     <span class='ocr_line' id='line_1_17' title="bbox 363 1695 989 1784; baseline -0.008 -19"><span class='ocrx_word' id='word_1_93' title='bbox 363 1699 450 1765; x_wconf 88' lang='lat' dir='ltr'><strong>Pelei</strong></span> <span class='ocrx_word' id='word_1_94' title='bbox 465 1699 549 1762; x_wconf 86' lang='lat' dir='ltr'><strong>filius</strong></span> <span class='ocrx_word' id='word_1_95' title='bbox 564 1699 699 1762; x_wconf 74' lang='lat' dir='ltr'><strong>Adulter</strong></span> <span class='ocrx_word' id='word_1_96' title='bbox 712 1697 828 1782; x_wconf 89' lang='lat' dir='ltr'><strong>poterit</strong></span> <span class='ocrx_word' id='word_1_97' title='bbox 843 1695 989 1784; x_wconf 77' lang='lat' dir='ltr'><strong>eil&#39;ttgere.</strong></span> 
     </span>
     <span class='ocr_line' id='line_1_18' title="bbox 278 1782 921 1863; baseline -0.011 -11"><span class='ocrx_word' id='word_1_98' title='bbox 278 1807 353 1852; x_wconf 81' lang='lat' dir='ltr'><strong>cuo.</strong></span> <span class='ocrx_word' id='word_1_99' title='bbox 364 1785 505 1863; x_wconf 88' lang='lat' dir='ltr'><strong>Quando</strong></span> <span class='ocrx_word' id='word_1_100' title='bbox 518 1784 640 1849; x_wconf 80' lang='lat' dir='ltr'><strong>civibus</strong></span> <span class='ocrx_word' id='word_1_101' title='bbox 654 1783 734 1848; x_wconf 89' lang='lat' dir='ltr'><strong>bene</strong></span> <span class='ocrx_word' id='word_1_102' title='bbox 744 1782 852 1847; x_wconf 86' lang='lat' dir='ltr'><strong>volunt</strong></span> <span class='ocrx_word' id='word_1_103' title='bbox 866 1783 921 1858; x_wconf 88' lang='lat' dir='ltr'><strong>dii,</strong></span> 
     </span>
     <span class='ocr_line' id='line_1_19' title="bbox 365 1867 974 1955; baseline -0.01 -18"><span class='ocrx_word' id='word_1_104' title='bbox 365 1872 508 1937; x_wconf 82' lang='lat' dir='ltr'><strong>Fortuna</strong></span> <span class='ocrx_word' id='word_1_105' title='bbox 522 1870 670 1955; x_wconf 84' lang='lat' dir='ltr'><strong>proclivis</strong></span> <span class='ocrx_word' id='word_1_106' title='bbox 683 1868 782 1934; x_wconf 86' lang='lat' dir='ltr'><strong>fertur</strong></span> <span class='ocrx_word' id='word_1_107' title='bbox 797 1869 829 1932; x_wconf 91' lang='lat' dir='ltr'><strong>iu</strong></span> <span class='ocrx_word' id='word_1_108' title='bbox 844 1867 974 1932; x_wconf 88' lang='lat' dir='ltr'><strong>bonum.</strong></span> 
     </span>
     <span class='ocr_line' id='line_1_20' title="bbox 278 1953 1277 2044; baseline -0.002 -21"><span class='ocrx_word' id='word_1_109' title='bbox 278 1979 356 2025; x_wconf 78' lang='lat' dir='ltr'><strong>uec.</strong></span> <span class='ocrx_word' id='word_1_110' title='bbox 362 1957 496 2034; x_wconf 85' lang='lat' dir='ltr'><strong>Multos,</strong></span> <span class='ocrx_word' id='word_1_111' title='bbox 510 1954 765 2044; x_wconf 88' lang='lat' dir='ltr'><strong>quandoquidem</strong></span> <span class='ocrx_word' id='word_1_112' title='bbox 781 1954 870 2018; x_wconf 84' lang='lat' dir='ltr'><strong>basta</strong></span> <span class='ocrx_word' id='word_1_113' title='bbox 882 1977 952 2018; x_wconf 88' lang='lat' dir='ltr'><strong>mea</strong></span> <span class='ocrx_word' id='word_1_114' title='bbox 967 1977 1030 2018; x_wconf 89' lang='lat' dir='ltr'><strong>rem</strong></span> <span class='ocrx_word' id='word_1_115' title='bbox 1045 1953 1179 2021; x_wconf 80' lang='lat' dir='ltr'><strong>feliciter</strong></span> <span class='ocrx_word' id='word_1_116' title='bbox 1192 1957 1277 2044; x_wconf 79' lang='lat' dir='ltr'><strong>gerit</strong></span> 
     </span>
     <span class='ocr_line' id='line_1_21' title="bbox 365 2041 1114 2130; baseline -0.005 -20"><span class='ocrx_word' id='word_1_117' title='bbox 365 2043 408 2110; x_wconf 84' lang='lat' dir='ltr'><strong>Et</strong></span> <span class='ocrx_word' id='word_1_118' title='bbox 422 2043 548 2130; x_wconf 85' lang='lat' dir='ltr'><strong>Jupiter</strong></span> <span class='ocrx_word' id='word_1_119' title='bbox 562 2041 727 2107; x_wconf 88' lang='lat' dir='ltr'><strong>nobiscnm</strong></span> <span class='ocrx_word' id='word_1_120' title='bbox 742 2055 800 2118; x_wconf 87' lang='lat' dir='ltr'><strong>est,</strong></span> <span class='ocrx_word' id='word_1_121' title='bbox 815 2041 972 2105; x_wconf 83' lang='lat' dir='ltr'><strong>inveniam</strong></span> <span class='ocrx_word' id='word_1_122' title='bbox 987 2041 1114 2106; x_wconf 89' lang='lat' dir='ltr'><strong>amicos.</strong></span> 
     </span>
     <span class='ocr_line' id='line_1_22' title="bbox 365 2128 977 2215; baseline -0.008 -20"><span class='ocrx_word' id='word_1_123' title='bbox 365 2129 429 2195; x_wconf 87' lang='lat' dir='ltr'><strong>Sed</strong></span> <span class='ocrx_word' id='word_1_124' title='bbox 444 2128 523 2193; x_wconf 89' lang='lat' dir='ltr'><strong>nibil</strong></span> <span class='ocrx_word' id='word_1_125' title='bbox 539 2129 615 2213; x_wconf 85' lang='lat' dir='ltr'><strong>ipsis</strong></span> <span class='ocrx_word' id='word_1_126' title='bbox 629 2128 816 2215; x_wconf 82' lang='lat' dir='ltr'><strong>indigemus,</strong></span> <span class='ocrx_word' id='word_1_127' title='bbox 832 2130 886 2214; x_wconf 89' lang='lat' dir='ltr'><strong>qui</strong></span> <span class='ocrx_word' id='word_1_128' title='bbox 901 2128 977 2191; x_wconf 89' lang='lat' dir='ltr'><strong>nlim</strong></span> 
     </span>
     <span class='ocr_line' id='line_1_23' title="bbox 366 2211 1139 2300; baseline -0.005 -20"><span class='ocrx_word' id='word_1_129' title='bbox 366 2217 440 2280; x_wconf 92' lang='lat' dir='ltr'><strong>Non</strong></span> <span class='ocrx_word' id='word_1_130' title='bbox 456 2237 519 2278; x_wconf 90' lang='lat' dir='ltr'><strong>una</strong></span> <span class='ocrx_word' id='word_1_131' title='bbox 535 2215 723 2292; x_wconf 80' lang='lat' dir='ltr'><strong>laborarent,</strong></span> <span class='ocrx_word' id='word_1_132' title='bbox 739 2213 866 2300; x_wconf 88' lang='lat' dir='ltr'><strong>quando</strong></span> <span class='ocrx_word' id='word_1_133' title='bbox 882 2213 1034 2278; x_wconf 81' lang='lat' dir='ltr'><strong>violentus</strong></span> <span class='ocrx_word' id='word_1_134' title='bbox 1049 2211 1139 2278; x_wconf 85' lang='lat' dir='ltr'><strong>Mars</strong></span> 
     </span>
     <span class='ocr_line' id='line_1_24' title="bbox 364 2300 1110 2400; baseline -0.005 -34"><span class='ocrx_word' id='word_1_135' title='bbox 364 2301 518 2366; x_wconf 87' lang='lat' dir='ltr'><strong>Disseidit</strong></span> <span class='ocrx_word' id='word_1_136' title='bbox 533 2300 601 2366; x_wconf 86' lang='lat' dir='ltr'><strong>vela</strong></span> <span class='ocrx_word' id='word_1_137' title='bbox 615 2300 708 2385; x_wconf 86' lang='lat' dir='ltr'><strong>hujus</strong></span> <span class='ocrx_word' id='word_1_138' title='bbox 722 2315 814 2364; x_wconf 85' lang='lat' dir='ltr'><strong>terrae</strong></span> <span class='ocrx_word' id='word_1_139' title='bbox 827 2300 965 2400; x_wconf 71' lang='lat' dir='ltr'><strong>graviter</strong></span> <span class='ocrx_word' id='word_1_140' title='bbox 979 2300 1110 2383; x_wconf 88' lang='lat' dir='ltr'><strong>spirans.</strong></span> 
     </span>
     <span class='ocr_line' id='line_1_25' title="bbox 365 2381 1358 2474; baseline 0.002 -24"><span class='ocrx_word' id='word_1_141' title='bbox 365 2381 489 2451; x_wconf 83' lang='lat' dir='ltr'><strong>Rhesus</strong></span> <span class='ocrx_word' id='word_1_142' title='bbox 504 2407 578 2451; x_wconf 87' lang='lat' dir='ltr'><strong>vero</strong></span> <span class='ocrx_word' id='word_1_143' title='bbox 591 2385 738 2462; x_wconf 81' lang='lat' dir='ltr'><strong>ostendit,</strong></span> <span class='ocrx_word' id='word_1_144' title='bbox 754 2386 855 2474; x_wconf 76' lang='lat' dir='ltr'><strong>qualis</strong></span> <span class='ocrx_word' id='word_1_145' title='bbox 869 2387 909 2450; x_wconf 89' lang='lat' dir='ltr'><strong>sit</strong></span> <span class='ocrx_word' id='word_1_146' title='bbox 921 2386 1027 2470; x_wconf 77' lang='lat' dir='ltr'><strong>Trojae</strong></span> <span class='ocrx_word' id='word_1_147' title='bbox 1041 2386 1177 2450; x_wconf 86' lang='lat' dir='ltr'><strong>auricus:</strong></span> <span class='ocrx_word' id='word_1_148' title='bbox 1298 2396 1358 2452; x_wconf 65' lang='grc' dir='ltr'><strong>εἷο</strong></span> 
     </span>
     <span class='ocr_line' id='line_1_26' title="bbox 364 2470 1349 2549; baseline 0 -13"><span class='ocrx_word' id='word_1_149' title='bbox 364 2473 460 2538; x_wconf 87' lang='lat' dir='ltr'><strong>Venit</strong></span> <span class='ocrx_word' id='word_1_150' title='bbox 474 2474 559 2538; x_wconf 91' lang='lat' dir='ltr'><strong>euim</strong></span> <span class='ocrx_word' id='word_1_151' title='bbox 573 2472 614 2536; x_wconf 90' lang='lat' dir='ltr'><strong>ad</strong></span> <span class='ocrx_word' id='word_1_152' title='bbox 629 2472 817 2549; x_wconf 73' lang='lat' dir='ltr'><strong>eonviviunr,</strong></span> <span class='ocrx_word' id='word_1_153' title='bbox 833 2493 904 2536; x_wconf 86' lang='lat' dir='ltr'><strong>eum</strong></span> <span class='ocrx_word' id='word_1_154' title='bbox 922 2492 985 2536; x_wconf 90' lang='lat' dir='ltr'><strong>non</strong></span> <span class='ocrx_word' id='word_1_155' title='bbox 999 2470 1133 2536; x_wconf 82' lang='lat' dir='ltr'><strong>adfirerit</strong></span> <span class='ocrx_word' id='word_1_156' title='bbox 1147 2473 1349 2539; x_wconf 83' lang='lat' dir='ltr'><strong>venatoribus</strong></span> 
     </span>
     <span class='ocr_line' id='line_1_27' title="bbox 364 2557 1211 2645; baseline 0.001 -23"><span class='ocrx_word' id='word_1_157' title='bbox 364 2557 569 2645; x_wconf 80' lang='lat' dir='ltr'><strong>capientibus</strong></span> <span class='ocrx_word' id='word_1_158' title='bbox 583 2557 736 2644; x_wconf 75' lang='lat' dir='ltr'><strong>praedam,</strong></span> <span class='ocrx_word' id='word_1_159' title='bbox 751 2579 854 2644; x_wconf 88' lang='lat' dir='ltr'><strong>neque</strong></span> <span class='ocrx_word' id='word_1_160' title='bbox 869 2580 932 2622; x_wconf 91' lang='lat' dir='ltr'><strong>una</strong></span> <span class='ocrx_word' id='word_1_161' title='bbox 946 2557 1097 2623; x_wconf 88' lang='lat' dir='ltr'><strong>laborarit</strong></span> <span class='ocrx_word' id='word_1_162' title='bbox 1111 2557 1211 2623; x_wconf 89' lang='lat' dir='ltr'><strong>basta.</strong></span> 
     </span>
     <span class='ocr_line' id='line_1_28' title="bbox 279 2643 970 2730; baseline -0.007 -20"><span class='ocrx_word' id='word_1_163' title='bbox 279 2665 356 2710; x_wconf 84' lang='lat' dir='ltr'><strong>cuo.</strong></span> <span class='ocrx_word' id='word_1_164' title='bbox 366 2643 488 2710; x_wconf 88' lang='lat' dir='ltr'><strong>Merito</strong></span> <span class='ocrx_word' id='word_1_165' title='bbox 502 2645 612 2730; x_wconf 86' lang='lat' dir='ltr'><strong>culpas</strong></span> <span class='ocrx_word' id='word_1_166' title='bbox 626 2659 657 2708; x_wconf 88' lang='lat' dir='ltr'><strong>et</strong></span> <span class='ocrx_word' id='word_1_167' title='bbox 672 2665 834 2708; x_wconf 84' lang='lat' dir='ltr'><strong>soonenses</strong></span> <span class='ocrx_word' id='word_1_168' title='bbox 847 2644 970 2708; x_wconf 72' lang='lat' dir='ltr'><strong>amiciet</strong></span> 
     </span>
     <span class='ocr_line' id='line_1_29' title="bbox 366 2729 1179 2816; baseline -0.002 -20"><span class='ocrx_word' id='word_1_169' title='bbox 366 2729 486 2816; x_wconf 87' lang='lat' dir='ltr'><strong>Recipe</strong></span> <span class='ocrx_word' id='word_1_170' title='bbox 500 2743 604 2795; x_wconf 91' lang='lat' dir='ltr'><strong>tamen</strong></span> <span class='ocrx_word' id='word_1_171' title='bbox 620 2753 683 2808; x_wconf 89' lang='lat' dir='ltr'><strong>eos,</strong></span> <span class='ocrx_word' id='word_1_172' title='bbox 722 2731 753 2794; x_wconf 89' lang='lat' dir='ltr'><strong>ui</strong></span> <span class='ocrx_word' id='word_1_173' title='bbox 767 2730 878 2795; x_wconf 84' lang='lat' dir='ltr'><strong>volunt</strong></span> <span class='ocrx_word' id='word_1_174' title='bbox 886 2731 999 2816; x_wconf 86' lang='lat' dir='ltr'><strong>juvare</strong></span> <span class='ocrx_word' id='word_1_175' title='bbox 1012 2729 1179 2796; x_wconf 81' lang='lat' dir='ltr'><strong>ciuitatem.</strong></span> 
     </span>
     <span class='ocr_line' id='line_1_30' title="bbox 280 2753 1320 2948; baseline 0.004 -68"><span class='ocrx_word' id='word_1_176' title='bbox 280 2836 358 2882; x_wconf 78' lang='lat' dir='ltr'><strong>unc.</strong></span> <span class='ocrx_word' id='word_1_177' title='bbox 367 2817 545 2883; x_wconf 78' lang='lat' dir='ltr'><strong>sufficimus</strong></span> <span class='ocrx_word' id='word_1_178' title='bbox 558 2839 627 2894; x_wconf 91' lang='lat' dir='ltr'><strong>nos,</strong></span> <span class='ocrx_word' id='word_1_179' title='bbox 642 2753 805 2904; x_wconf 56' lang='lat' dir='ltr'><strong>quidlium</strong></span> <span class='ocrx_word' id='word_1_180' title='bbox 821 2839 841 2881; x_wconf 91' lang='lat' dir='ltr'><strong>a</strong></span> <span class='ocrx_word' id='word_1_181' title='bbox 856 2817 950 2948; x_wconf 59' lang='lat' dir='ltr'><strong>loupo</strong></span> <span class='ocrx_word' id='word_1_182' title='bbox 964 2829 1104 2902; x_wconf 88' lang='lat' dir='ltr'><strong>tempore</strong></span> <span class='ocrx_word' id='word_1_183' title='bbox 1118 2819 1320 2884; x_wconf 81' lang='lat' dir='ltr'><strong>servavimus.</strong></span> 
     </span>
     <span class='ocr_line' id='line_1_31' title="bbox 280 2903 1018 2989; baseline 0.003 -23"><span class='ocrx_word' id='word_1_184' title='bbox 280 2923 357 2966; x_wconf 82' lang='lat' dir='ltr'><strong>ouo.</strong></span> <span class='ocrx_word' id='word_1_185' title='bbox 369 2903 466 2968; x_wconf 89' lang='lat' dir='ltr'><strong>Putas</strong></span> <span class='ocrx_word' id='word_1_186' title='bbox 476 2905 541 2989; x_wconf 81' lang='lat' dir='ltr'><strong>jaan</strong></span> <span class='ocrx_word' id='word_1_187' title='bbox 558 2917 589 2969; x_wconf 91' lang='lat' dir='ltr'><strong>te</strong></span> <span class='ocrx_word' id='word_1_188' title='bbox 604 2905 707 2968; x_wconf 85' lang='lat' dir='ltr'><strong>hostes</strong></span> <span class='ocrx_word' id='word_1_189' title='bbox 722 2903 910 2968; x_wconf 83' lang='lat' dir='ltr'><strong>debellasse.</strong></span> <span class='ocrx_word' id='word_1_190' title='bbox 1013 2935 1018 2942; x_wconf 94' lang='lat'><strong>·</strong></span> 
     </span>
    </p>
   </div>
   <div class='ocr_carea' id='block_1_3' title="bbox 141 2987 967 3075">
    <p class='ocr_par' dir='ltr' id='par_1_3' title="bbox 141 2987 967 3075">
     <span class='ocr_line' id='line_1_32' title="bbox 141 2987 967 3075; baseline 0.001 -24"><span class='ocrx_word' id='word_1_191' title='bbox 141 3027 145 3040; x_wconf 89' lang='lat'><strong>·</strong></span> <span class='ocrx_word' id='word_1_192' title='bbox 280 3008 357 3054; x_wconf 78' lang='lat' dir='ltr'><strong>uno</strong></span> <span class='ocrx_word' id='word_1_193' title='bbox 367 2989 467 3066; x_wconf 87' lang='lat' dir='ltr'><strong>Puto;</strong></span> <span class='ocrx_word' id='word_1_194' title='bbox 489 2990 633 3055; x_wconf 87' lang='lat' dir='ltr'><strong>ostendet</strong></span> <span class='ocrx_word' id='word_1_195' title='bbox 642 3011 773 3075; x_wconf 86' lang='lat' dir='ltr'><strong>sequena</strong></span> <span class='ocrx_word' id='word_1_196' title='bbox 787 2987 849 3054; x_wconf 90' lang='lat' dir='ltr'><strong>Dei</strong></span> <span class='ocrx_word' id='word_1_197' title='bbox 861 2988 967 3075; x_wconf 90' lang='lat' dir='ltr'><strong>jubar.</strong></span> 
     </span>
    </p>
   </div>
   <div class='ocr_carea' id='block_1_4' title="bbox 279 3072 1360 3418">
    <p class='ocr_par' dir='ltr' id='par_1_4' title="bbox 279 3072 1144 3162">
     <span class='ocr_line' id='line_1_33' title="bbox 279 3072 1144 3162; baseline -0.002 -24"><span class='ocrx_word' id='word_1_198' title='bbox 279 3093 357 3138; x_wconf 83' lang='lat' dir='ltr'><strong>ouo.</strong></span> <span class='ocrx_word' id='word_1_199' title='bbox 367 3074 449 3139; x_wconf 91' lang='lat' dir='ltr'><strong>Vide</strong></span> <span class='ocrx_word' id='word_1_200' title='bbox 463 3075 541 3162; x_wconf 90' lang='lat' dir='ltr'><strong>quid</strong></span> <span class='ocrx_word' id='word_1_201' title='bbox 556 3077 595 3140; x_wconf 86' lang='lat' dir='ltr'><strong>sit</strong></span> <span class='ocrx_word' id='word_1_202' title='bbox 609 3075 768 3140; x_wconf 85' lang='lat' dir='ltr'><strong>futurum:</strong></span> <span class='ocrx_word' id='word_1_203' title='bbox 790 3072 890 3140; x_wconf 86' lang='lat' dir='ltr'><strong>multa</strong></span> <span class='ocrx_word' id='word_1_204' title='bbox 903 3075 1031 3139; x_wconf 83' lang='lat' dir='ltr'><strong>invertit</strong></span> <span class='ocrx_word' id='word_1_205' title='bbox 1045 3074 1144 3139; x_wconf 86' lang='lat' dir='ltr'><strong>Deus.</strong></span> 
     </span>
    </p>

    <p class='ocr_par' dir='ltr' id='par_1_5' title="bbox 280 3159 809 3247">
     <span class='ocr_line' id='line_1_34' title="bbox 280 3159 809 3247; baseline -0.002 -23"><span class='ocrx_word' id='word_1_206' title='bbox 280 3179 358 3224; x_wconf 77' lang='lat' dir='ltr'><strong>nuo.</strong></span> <span class='ocrx_word' id='word_1_207' title='bbox 365 3159 430 3225; x_wconf 93' lang='lat' dir='ltr'><strong>Odi</strong></span> <span class='ocrx_word' id='word_1_208' title='bbox 444 3183 515 3224; x_wconf 87' lang='lat' dir='ltr'><strong>sero</strong></span> <span class='ocrx_word' id='word_1_209' title='bbox 529 3161 677 3247; x_wconf 87' lang='lat' dir='ltr'><strong>opitulari</strong></span> <span class='ocrx_word' id='word_1_210' title='bbox 692 3162 809 3225; x_wconf 88' lang='lat' dir='ltr'><strong>amicis.</strong></span> 
     </span>
    </p>

    <p class='ocr_par' dir='ltr' id='par_1_6' title="bbox 279 3243 1360 3418">
     <span class='ocr_line' id='line_1_35' title="bbox 279 3243 1360 3332; baseline 0 -22"><span class='ocrx_word' id='word_1_211' title='bbox 279 3265 348 3310; x_wconf 81' lang='lat' dir='ltr'><strong>ras.</strong></span> <span class='ocrx_word' id='word_1_212' title='bbox 364 3243 396 3310; x_wconf 92' lang='lat'>0</span> <span class='ocrx_word' id='word_1_213' title='bbox 411 3267 477 3322; x_wconf 82' lang='lat' dir='ltr'><strong>rex,</strong></span> <span class='ocrx_word' id='word_1_214' title='bbox 493 3247 644 3332; x_wconf 83' lang='lat' dir='ltr'><strong>repellere</strong></span> <span class='ocrx_word' id='word_1_215' title='bbox 657 3247 767 3324; x_wconf 85' lang='lat' dir='ltr'><strong>socios,</strong></span> <span class='ocrx_word' id='word_1_216' title='bbox 784 3248 928 3312; x_wconf 89' lang='lat' dir='ltr'><strong>odiosum</strong></span> <span class='ocrx_word' id='word_1_217' title='bbox 942 3258 1005 3310; x_wconf 80' lang='lat' dir='ltr'><strong>est.-</strong></span> <span class='ocrx_word' id='word_1_218' title='bbox 1299 3255 1360 3314; x_wconf 74' lang='lat'><strong>³80</strong></span> 
     </span>
     <span class='ocr_line' id='line_1_36' title="bbox 365 3331 1166 3418; baseline -0.001 -22"><span class='ocrx_word' id='word_1_219' title='bbox 365 3331 495 3396; x_wconf 89' lang='lat' dir='ltr'><strong>Terrori</strong></span> <span class='ocrx_word' id='word_1_220' title='bbox 511 3335 588 3396; x_wconf 82' lang='lat' dir='ltr'><strong>enim</strong></span> <span class='ocrx_word' id='word_1_221' title='bbox 602 3335 663 3398; x_wconf 88' lang='lat' dir='ltr'><strong>erit</strong></span> <span class='ocrx_word' id='word_1_222' title='bbox 678 3333 818 3398; x_wconf 85' lang='lat' dir='ltr'><strong>hostibus</strong></span> <span class='ocrx_word' id='word_1_223' title='bbox 832 3347 1018 3418; x_wconf 86' lang='lat' dir='ltr'><strong>conspectus</strong></span> <span class='ocrx_word' id='word_1_224' title='bbox 1032 3345 1166 3398; x_wconf 84' lang='lat' dir='ltr'><strong>tantum.</strong></span> 
     </span>
    </p>
   </div>
   <div class='ocr_carea' id='block_1_5' title="bbox 279 3417 1245 3570">
    <p class='ocr_par' dir='ltr' id='par_1_7' title="bbox 279 3417 1245 3570">
     <span class='ocr_line' id='line_1_37' title="bbox 279 3417 1245 3570; baseline 0 -86"><span class='ocrx_word' id='word_1_225' title='bbox 279 3435 356 3484; x_wconf 76' lang='lat' dir='ltr'><strong>cao.</strong></span> <span class='ocrx_word' id='word_1_226' title='bbox 368 3417 435 3484; x_wconf 88' lang='lat' dir='ltr'><strong>Hic</strong></span> <span class='ocrx_word' id='word_1_227' title='bbox 450 3419 564 3506; x_wconf 89' lang='lat' dir='ltr'><strong>itaque,</strong></span> <span class='ocrx_word' id='word_1_228' title='bbox 580 3420 654 3506; x_wconf 91' lang='lat' dir='ltr'><strong>qula</strong></span> <span class='ocrx_word' id='word_1_229' title='bbox 667 3419 805 3500; x_wconf 90' lang='lat' dir='ltr'><strong>advenit,</strong></span> <span class='ocrx_word' id='word_1_230' title='bbox 820 3442 883 3484; x_wconf 91' lang='lat' dir='ltr'><strong>non</strong></span> <span class='ocrx_word' id='word_1_231' title='bbox 900 3418 1027 3570; x_wconf 67' lang='lat' dir='ltr'><strong>(pridem</strong></span> <span class='ocrx_word' id='word_1_232' title='bbox 1041 3419 1115 3484; x_wconf 89' lang='lat' dir='ltr'><strong>belli</strong></span> <span class='ocrx_word' id='word_1_233' title='bbox 1130 3419 1245 3496; x_wconf 78' lang='lat' dir='ltr'><strong>melus,</strong></span> 
     </span>
    </p>
   </div>
   <div class='ocr_carea' id='block_1_6' title="bbox 278 3503 1418 4196">
    <p class='ocr_par' dir='ltr' id='par_1_8' title="bbox 366 3503 1089 3678">
     <span class='ocr_line' id='line_1_38' title="bbox 366 3503 1089 3591; baseline 0 -23"><span class='ocrx_word' id='word_1_234' title='bbox 366 3503 429 3568; x_wconf 89' lang='lat' dir='ltr'><strong>Sed</strong></span> <span class='ocrx_word' id='word_1_235' title='bbox 445 3505 568 3590; x_wconf 84' lang='lat' dir='ltr'><strong>hospes,</strong></span> <span class='ocrx_word' id='word_1_236' title='bbox 583 3505 624 3570; x_wconf 92' lang='lat' dir='ltr'><strong>ad</strong></span> <span class='ocrx_word' id='word_1_237' title='bbox 638 3527 778 3570; x_wconf 85' lang='lat' dir='ltr'><strong>mensam</strong></span> <span class='ocrx_word' id='word_1_238' title='bbox 792 3507 897 3572; x_wconf 81' lang='lat' dir='ltr'><strong>veniat</strong></span> <span class='ocrx_word' id='word_1_239' title='bbox 933 3506 1089 3591; x_wconf 88' lang='lat' dir='ltr'><strong>ospitum:</strong></span> 
     </span>
     <span class='ocr_line' id='line_1_39' title="bbox 366 3589 951 3678; baseline 0.003 -23"><span class='ocrx_word' id='word_1_240' title='bbox 366 3589 479 3655; x_wconf 87' lang='lat' dir='ltr'><strong>Gratia</strong></span> <span class='ocrx_word' id='word_1_241' title='bbox 493 3592 577 3655; x_wconf 88' lang='lat' dir='ltr'><strong>enim</strong></span> <span class='ocrx_word' id='word_1_242' title='bbox 593 3593 622 3658; x_wconf 87' lang='lat' dir='ltr'><strong>ei</strong></span> <span class='ocrx_word' id='word_1_243' title='bbox 638 3591 833 3657; x_wconf 86' lang='lat' dir='ltr'><strong>Priamidum</strong></span> <span class='ocrx_word' id='word_1_244' title='bbox 849 3593 951 3678; x_wconf 89' lang='lat' dir='ltr'><strong>periit.</strong></span> 
     </span>
    </p>

    <p class='ocr_par' dir='ltr' id='par_1_9' title="bbox 279 3675 1351 3916">
     <span class='ocr_line' id='line_1_40' title="bbox 279 3675 1351 3764; baseline 0.002 -24"><span class='ocrx_word' id='word_1_245' title='bbox 279 3675 419 3742; x_wconf 79' lang='lat' dir='ltr'><strong>uanTu</strong></span> <span class='ocrx_word' id='word_1_246' title='bbox 434 3689 518 3742; x_wconf 87' lang='lat' dir='ltr'><strong>recte</strong></span> <span class='ocrx_word' id='word_1_247' title='bbox 533 3698 650 3755; x_wconf 87' lang='lat' dir='ltr'><strong>mones,</strong></span> <span class='ocrx_word' id='word_1_248' title='bbox 666 3692 698 3743; x_wconf 88' lang='lat' dir='ltr'><strong>et</strong></span> <span class='ocrx_word' id='word_1_249' title='bbox 712 3691 746 3744; x_wconf 89' lang='lat' dir='ltr'><strong>tu</strong></span> <span class='ocrx_word' id='word_1_250' title='bbox 761 3701 876 3764; x_wconf 75' lang='lat' dir='ltr'><strong>qaoque</strong></span> <span class='ocrx_word' id='word_1_251' title='bbox 889 3693 1069 3764; x_wconf 85' lang='lat' dir='ltr'><strong>opportune</strong></span> <span class='ocrx_word' id='word_1_252' title='bbox 1082 3699 1145 3742; x_wconf 85' lang='lat' dir='ltr'><strong>rem</strong></span> <span class='ocrx_word' id='word_1_253' title='bbox 1159 3677 1351 3742; x_wconf 72' lang='lat' dir='ltr'><strong>consideras.</strong></span> 
     </span>
     <span class='ocr_line' id='line_1_41' title="bbox 365 3764 1212 3853; baseline -0.001 -23"><span class='ocrx_word' id='word_1_254' title='bbox 365 3765 514 3830; x_wconf 81' lang='lat' dir='ltr'><strong>Armatus</strong></span> <span class='ocrx_word' id='word_1_255' title='bbox 527 3764 625 3853; x_wconf 80' lang='lat' dir='ltr'><strong>igitur</strong></span> <span class='ocrx_word' id='word_1_256' title='bbox 638 3765 742 3829; x_wconf 86' lang='lat' dir='ltr'><strong>aureis</strong></span> <span class='ocrx_word' id='word_1_257' title='bbox 756 3767 851 3829; x_wconf 88' lang='lat' dir='ltr'><strong>armis</strong></span> <span class='ocrx_word' id='word_1_258' title='bbox 864 3764 908 3828; x_wconf 94' lang='lat' dir='ltr'><strong>ob</strong></span> <span class='ocrx_word' id='word_1_259' title='bbox 922 3785 1080 3829; x_wconf 82' lang='lat' dir='ltr'><strong>sermones</strong></span> <span class='ocrx_word' id='word_1_260' title='bbox 1093 3765 1212 3845; x_wconf 79' lang='lat' dir='ltr'><strong>nuncii,</strong></span> 
     </span>
     <span class='ocr_line' id='line_1_42' title="bbox 367 3849 973 3916; baseline 0.003 -2"><span class='ocrx_word' id='word_1_261' title='bbox 367 3849 491 3914; x_wconf 85' lang='lat' dir='ltr'><strong>Rhesus</strong></span> <span class='ocrx_word' id='word_1_262' title='bbox 506 3851 588 3916; x_wconf 89' lang='lat' dir='ltr'><strong>adsit</strong></span> <span class='ocrx_word' id='word_1_263' title='bbox 601 3850 769 3916; x_wconf 83' lang='lat' dir='ltr'><strong>auxiliator</strong></span> <span class='ocrx_word' id='word_1_264' title='bbox 783 3849 858 3916; x_wconf 87' lang='lat' dir='ltr'><strong>huie</strong></span> <span class='ocrx_word' id='word_1_265' title='bbox 870 3863 973 3916; x_wconf 78' lang='lat' dir='ltr'><strong>terrae.</strong></span> 
     </span>
    </p>

    <p class='ocr_par' dir='ltr' id='par_1_10' title="bbox 278 3935 1418 4196">
     <span class='ocr_line' id='line_1_43' title="bbox 278 3935 1418 4020; baseline 0.002 -22"><span class='ocrx_word' id='word_1_266' title='bbox 278 3951 357 3998; x_wconf 79' lang='lat' dir='ltr'><strong>csto-</strong></span> <span class='ocrx_word' id='word_1_267' title='bbox 370 3935 535 4014; x_wconf 81' lang='lat' dir='ltr'><strong>Adrastea,</strong></span> <span class='ocrx_word' id='word_1_268' title='bbox 551 3937 639 4002; x_wconf 86' lang='lat' dir='ltr'><strong>Jovis</strong></span> <span class='ocrx_word' id='word_1_269' title='bbox 654 3935 728 4012; x_wconf 86' lang='lat' dir='ltr'><strong>filia,</strong></span> <span class='ocrx_word' id='word_1_270' title='bbox 1235 3939 1304 4020; x_wconf 81' lang='lat' dir='ltr'><strong>(atr.</strong></span> <span class='ocrx_word' id='word_1_271' title='bbox 1325 3935 1363 4014; x_wconf 88' lang='lat' dir='ltr'><strong>l.)</strong></span> <span class='ocrx_word' id='word_1_272' title='bbox 1417 3935 1418 3962; x_wconf 41' lang='lat' dir='ltr'><strong>l</strong></span> 
     </span>
     <span class='ocr_line' id='line_1_44' title="bbox 364 4021 1076 4088; baseline 0.003 -4"><span class='ocrx_word' id='word_1_273' title='bbox 364 4021 498 4086; x_wconf 82' lang='lat' dir='ltr'><strong>Avertas</strong></span> <span class='ocrx_word' id='word_1_274' title='bbox 512 4047 532 4088; x_wconf 99' lang='lat' dir='ltr'><strong>a</strong></span> <span class='ocrx_word' id='word_1_275' title='bbox 544 4023 648 4088; x_wconf 81' lang='lat' dir='ltr'><strong>verbis</strong></span> <span class='ocrx_word' id='word_1_276' title='bbox 661 4023 740 4088; x_wconf 86' lang='lat' dir='ltr'><strong>meis</strong></span> <span class='ocrx_word' id='word_1_277' title='bbox 754 4021 902 4088; x_wconf 85' lang='lat' dir='ltr'><strong>iuvidiam</strong></span> <span class='ocrx_word' id='word_1_278' title='bbox 917 4025 1076 4088; x_wconf 73' lang='lat' dir='ltr'><strong>nem.-</strong></span> 
     </span>
     <span class='ocr_line' id='line_1_45' title="bbox 364 4105 1364 4196; baseline 0.003 -26"><span class='ocrx_word' id='word_1_279' title='bbox 364 4105 481 4172; x_wconf 87' lang='lat' dir='ltr'><strong>Dicam</strong></span> <span class='ocrx_word' id='word_1_280' title='bbox 495 4110 579 4173; x_wconf 89' lang='lat' dir='ltr'><strong>euim</strong></span> <span class='ocrx_word' id='word_1_281' title='bbox 588 4109 666 4194; x_wconf 91' lang='lat' dir='ltr'><strong>jam,</strong></span> <span class='ocrx_word' id='word_1_282' title='bbox 682 4129 880 4196; x_wconf 80' lang='lat' dir='ltr'><strong>quaecunque</strong></span> <span class='ocrx_word' id='word_1_283' title='bbox 895 4131 966 4174; x_wconf 84' lang='lat' dir='ltr'><strong>nteo</strong></span> <span class='ocrx_word' id='word_1_284' title='bbox 1301 4117 1364 4174; x_wconf 78' lang='lat'><strong>84⁰</strong></span> 
     </span>
    </p>
   </div>
   <div class='ocr_carea' id='block_1_7' title="bbox 363 4190 812 4360">
    <p class='ocr_par' dir='ltr' id='par_1_11' title="bbox 363 4190 812 4360">
     <span class='ocr_line' id='line_1_46' title="bbox 363 4190 812 4294; baseline 0.011 -39"><span class='ocrx_word' id='word_1_285' title='bbox 363 4190 484 4256; x_wconf 81' lang='lat' dir='ltr'><strong>Animo</strong></span> <span class='ocrx_word' id='word_1_286' title='bbox 498 4194 603 4260; x_wconf 88' lang='lat' dir='ltr'><strong>dicere</strong></span> <span class='ocrx_word' id='word_1_287' title='bbox 616 4210 742 4294; x_wconf 74' lang='lat' dir='ltr'><strong>gratrnn</strong></span> <span class='ocrx_word' id='word_1_288' title='bbox 756 4207 812 4260; x_wconf 84' lang='lat' dir='ltr'><strong>est.</strong></span> 
     </span>
     <span class='ocr_line' id='line_1_47' title="bbox 364 4277 750 4360; baseline 0.008 -19"><span class='ocrx_word' id='word_1_289' title='bbox 364 4277 462 4356; x_wconf 82' lang='lat' dir='ltr'><strong>Ades,</strong></span> <span class='ocrx_word' id='word_1_290' title='bbox 476 4279 508 4344; x_wconf 93' lang='grc' dir='ltr'>Ο</span> <span class='ocrx_word' id='word_1_291' title='bbox 524 4279 680 4346; x_wconf 74' lang='lat' dir='ltr'><strong>Fluminis</strong></span> <span class='ocrx_word' id='word_1_292' title='bbox 693 4277 750 4360; x_wconf 84' lang='lat' dir='ltr'><strong>tib,</strong></span> 
     </span>
    </p>
   </div>
   <div class='ocr_carea' id='block_1_8' title="bbox 0 0 1437 4862">
    <p class='ocr_par' dir='ltr' id='par_1_12' title="bbox 0 0 1437 4862">
     <span class='ocr_line' id='line_1_48' title="bbox 0 0 1437 4862; baseline 0 0"><span class='ocrx_word' id='word_1_293' title='bbox 0 0 1437 4862; x_wconf 95' lang='lat' dir='ltr'><strong> </strong></span> 
     </span>
    </p>
   </div>
  </div>
 </body>
</html>
