2888 4856
398 221 658 294 HERCULES·
675 221 871 296 mittun
1113 237 1183 301 001

184 401 216 466 0
229 395 362 464 domuel

185 485 272 550 lnter
286 483 400 563 cudat,
414 505 480 550 non
495 483 535 550 cd
553 482 742 550 Bacchicam

183 567 383 637 Libationam
398 591 471 636 cum
486 589 683 636 racemorum
697 570 833 654 peculia.

183 655 283 748 Fuga,
298 655 400 736 libari,
415 655 519 724 abita:
543 655 655 722 bnatile
667 655 739 734 hoc,

183 741 313 808 Hostile
327 761 453 808 carmm
468 743 633 808 accinitur.

181 829 344 930 Docitque
357 829 605 914 persecutionem
621 828 811 894 liberorum:

182 913 256 981 Non
273 937 340 980 nne
353 913 464 981 effectu
478 913 512 980 in
526 915 649 980 acdibut
664 915 763 1000 Lyn·
778 913 992 984 bacchabitur.

137 1059 142 1070 .
184 1000 262 1067 Heu
277 999 351 1080 heu,
366 1000 468 1066 mala!
865 1003 870 1014 ’
997 1041 1012 1058 ,

184 1087 260 1152 Heu
277 1087 338 1153 heu
352 1085 493 1171 prolecto
507 1107 601 1172 quarn
616 1085 710 1170 lugeo
724 1107 831 1152 cenem

184 1171 312 1238 Patrem
328 1187 360 1238 et
374 1173 544 1238 liberorum
559 1173 725 1252 nutricem,
736 1173 787 1238 cui
802 1171 919 1240 lractra

185 1259 295 1330 Liberi
306 1259 492 1348 gignuntur.

184 1345 286 1412 Ecoel
311 1343 404 1411 ecce!

182 1431 298 1498 Turbo
312 1431 453 1497 concutit
465 1431 607 1510 domum,
622 1435 763 1500 concidit
775 1446 910 1500 tectum:

182 1517 249 1584 AEl
275 1519 322 1584 [al
368 1517 423 1583 uid
437 1518 514 1606 agie,
531 1517 563 1582 O
578 1517 624 1584 nli
637 1519 737 1602 Jovia,
752 1523 784 1586 in
799 1519 943 1584 adibat

184 1603 299 1670 Pertur
365 1623 457 1670 onem
473 1617 641 1670 tartaream
657 1619 693 1672 ut

182 1689 269 1756 Olim
287 1689 401 1768 Pallan,
416 1690 565 1756 advertat
581 1689 775 1760 Enceladum
789 1691 823 1758 in
838 1691 969 1758 domum
983 1693 1091 1760 mittio.

93 1777 217 1842 nunno
230 1777 318 1842 aenio
331 1797 412 1842 cana
424 1793 603 1863 corpm—

93 1881 176 1928 cno.
186 1861 416 1940 Quoniamore
428 1861 611 1929 meracae?
1121 1871 1184 1932 090

95 1949 318 2016 nonnnocia
330 1959 409 2028 runt,
425 1969 497 2036 quoe
512 1949 545 2014 in
559 1949 782 2033 oedibmffimt.

95 2055 176 2100 cao,
187 2035 301 2103 Vatem
315 2036 413 2101 aliurn
428 2057 493 2101 non
506 2055 669 2102 ameum.

96 2121 307 2189 rrumMortui
321 2135 398 2188 aunt
410 2121 512 2188 libari.
558 2123 630 2190 Heu
646 2121 727 2189 beni

1120 1013 1184 1072 880

183 2209 316 2296 Lugete,
331 2209 406 2296 quia
419 2207 582 2296 lugubrior
604 2209 685 2274 dire
697 2211 810 2290 cana,

183 2295 275 2362 Dine
289 2293 384 2362 etiam
399 2306 566 2381 parentum
582 2315 704 2361 manae.

182 2383 287 2446 Nemo
300 2397 407 2466 pocaet
423 2383 543 2468 majora
555 2381 672 2458 dicere,
687 2401 781 2470 quant
796 2383 879 2469 panti
895 2403 1014 2452 camut.

96 2466 352 2618 canPnomcdo
365 2463 471 2619 Ilm
486 2468 717 2535 lamentabilem
732 2489 848 2536 noxam
863 2489 981 2536 ncxctn

212 2555 288 2619 atria
301 2555 367 2620 edic

183 2640 257 2718 Dic,
273 2640 434 2727 morundo
444 2639 587 2706 venerint
598 2640 750 2707 divinitus
764 2641 797 2706 in

183 2725 325 2792 Domum
340 2725 410 2791 bec
426 2725 518 2804 mala,
533 2741 566 2792 et
579 2727 681 2792 mirari
1117 2737 1180 2796 900

184 2812 285 2878 Cacus
298 2811 481 2878 llbcrorum.

98 2899 279 2964 unmsaera
293 2899 419 2986 quidem
433 2913 525 2965 erant
538 2913 612 2964 ente
624 2899 714 2968 Jonia
726 2919 813 2964 uram

182 2985 232 3050 Ad
255 2985 470 3051 lustrationem
496 2983 624 3060 odium,
647 2999 812 3073 poatquam
838 3005 953 3052 maura
980 2985 1067 3073 helec
1087 3001 1181 3052 terre

267 3094 283 3135 r
342 3091 372 3136 m

184 3093 341 3245 Ejecit‘egd
351 3157 400 3222 hia
414 3157 536 3224 aedibua
554 3156 729 3223 Herculem

184 3245 310 3310 Chorus
324 3257 427 3309 autem
444 3243 613 3310 liberorum
629 3242 783 3308 lomoaua
797 3243 951 3320 adnabat,

183 3329 227 3397 Et
240 3345 330 3417 pater
343 3345 374 3394 et
389 3331 541 3418 Megara3
565 3329 747 3396 Canittrnm
759 3349 834 3395 raro
842 3331 910 3416 jan
924 3331 1045 3397 ducum

182 3419 279 3484 Aram
295 3415 461 3494 ferebatur,
478 3435 554 3482 voca
570 3435 645 3482 vero
658 3415 849 3482 lavebamaa.

182 3503 265 3570 Cum
280 3517 385 3568 autem
400 3517 518 3570 torrem
531 3523 627 3568 mnnu
641 3503 754 3570 dextra
765 3502 886 3570 laturo·
898 3517 989 3579 eata,

185 3587 285 3656 Filius
301 3589 472 3666 Alcmene,
488 3602 524 3654 ut
538 3589 708 3678 intingeret
722 3589 754 3654 in
769 3609 885 3678 aquam
900 3587 1074 3668 lanruac,

184 3675 335 3742 Conatltit
348 3677 478 3754 tacitum
499 3689 531 3740 et
544 3695 616 3741 cum
632 3689 833 3742 cunctaretur
848 3673 953 3752 Pater,
1117 3681 1180 3742 910

185 3762 253 3828 lilii
269 3760 474 3827 advertebant
488 3761 614 3828 oculor:
636 3761 689 3827 illc
701 3781 776 3827 vero
790 3783 853 3826 non
864 3763 930 3848 jam
945 3761 1029 3826 idem
1043 3773 1124 3840 arat,

184 3847 246 3914 Sed
262 3847 427 3912 oculorum
438 3847 624 3914 distortione
636 3847 838 3926 deformatae,

185 3933 381 4022 Radioeaque
395 3935 427 4000 in
442 3933 541 4000 oculi·
555 3935 742 4022 sanguineae
755 3947 849 4000 extua
864 3947 997 4012 venena,

184 4023 336 4106 Spumant
351 4020 384 4084 in
401 4023 649 4086 bene-comatam
665 4041 777 4106 genam
792 4017 978 4086 exstillabat.

185 4107 277 4174 Dixit
291 4119 395 4172 count
410 4127 482 4172 cum
499 4109 562 4172 riso
577 4107 718 4172 lurioeo:

186 4193 290 4270 Pater,
306 4192 381 4280 quid
397 4213 485 4259 sacra
499 4191 639 4259 facturae
653 4192 802 4270 accendo,
819 4193 1001 4280 priorquam
1018 4189 1179 4258 miniace-

268 4279 327 4342 rim
346 4279 567 4370 Eurystheum,
1141 4289 1147 4298 '
