2824 4860
452 222 734 292 ORESTES.
1088 234 1129 297 et

139 401 237 468 Illum
251 412 304 466 tan
350 417 400 462 am
413 395 553 474 fratrem,
567 395 726 462 dolentem
741 393 902 482 aequaliter
914 417 986 465 cunr
1001 401 1114 482 emico,

138 485 299 554 Moderan
321 506 342 548 o
355 493 518 548 curantem
531 481 688 550 morbum.

139 573 313 660 Postquam
328 570 439 636 concio
453 569 643 656 Argivorum
656 566 738 633 lacta
750 579 798 632 eat
809 567 913 654 plena,

139 659 398 746 Praeco‘aurgens
411 654 508 738 dixit:
531 654 613 731 Quin
625 653 693 719 vult
705 653 820 732 dicere,

140 745 259 814 Utrum
273 753 419 829 oporteat
432 739 578 806 Orestem
594 740 684 820 mori,
698 761 739 805 en
755 761 829 822 non,

140 827 369 896 Matricidam?
390 840 424 893 et
434 837 543 913 postea
556 827 656 915 surgit

137 915 338 1004 Talthybius,
353 914 407 1000 qui
420 913 615 1001 expugnavit
629 910 771 999 Phryges
784 931 857 976 cum
871 923 927 978 tno
939 925 1037 1000 patre.

138 1001 234 1072 Dixit
248 1015 364 1079 autem,
379 1019 501 1086 semper
513 997 695 1085 potentibus
708 997 874 1084 subjiciens
886 1010 947 1078 re,‘

121 1109 126 1120 ·
140 1087 315 1176 Ambigua,
329 1103 472 1150 reverens
484 1096 576 1150 tuum
589 1097 721 1170 panem,

140 1173 285 1240 Sednon
298 1171 532 1238 laudabatunm
545 1169 790 1247 tammonis
802 1169 886 1236 mala
1067 1185 1131 1244 880

138 1259 239 1326 Dicte
251 1257 422 1336 involvens,
436 1256 523 1344 qnod
535 1255 650 1321 faceret
662 1255 764 1343 legem

139 1345 217 1410 Non
231 1345 348 1410 mm
363 1358 473 1408 contra
486 1355 649 1428 parentet:
671 1341 726 1406 aed
738 1340 865 1408 oculum
879 1364 1001 1430 semper

141 1431 289 1497 Hilarem
303 1429 408 1506 dabat,
481 1427 552 1493 'ethi
565 1429 687 1492 amicis.

141 1517 225 1582 Nam
240 1515 305 1581 boc
380 1537 416 1580 ua
474 1536 491 1578 e
505 1525 570 1579 est:
591 1513 631 1578 ad
644 1512 835 1579 fortunatam
850 1527 971 1598 partem

141 1605 274 1688 Semper
332 1603 402 1666 ‘unt
412 1620 589 1686 preconem
610 1597 663 1663 ille
676 1611 723 1664 est
735 1599 778 1662 cia
791 1599 920 1677 amicus,

142 1688 295 1776 Quisquis
308 1699 354 1752 eat
366 1699 491 1772 potens,
502 1697 534 1750 et
546 1685 581 1749 in
594 1683 826 1773 magistratibus
839 1685 927 1751 urbia
940 1700 1088 1756 vereatur.

142 1775 219 1841 Post
235 1777 320 1838 bunc
333 1773 458 1838 dicebat
469 1771 639 1836 Diomedae
653 1793 726 1836 rex:

142 1861 206 1928 late
217 1871 367 1947 nequete
379 1877 482 1944 neque
495 1855 623 1921 fratrem
637 1855 814 1922 interficere

143 1946 284 2027 Smebat,
298 1946 353 2009 aed
368 1943 532 2030 punientea
545 1941 641 2008 exilio
653 1943 762 2028 pietati
775 1942 848 2006 satia
860 1941 971 2012 firoere.

142 2031 369 2098 Acclamarnnt
381 2043 484 2094 autem
499 2028 607 2116 aliqui,
620 2041 705 2093 recte
718 2048 789 2093 eum
804 2027 909 2094 dicere
914 2051 924 2107 ς
1070 2042 1133 2102 880

143 2119 209 2184 Alii
223 2139 288 2183 non
305 2115 494 2182 laudabant:
516 2114 687 2200 posthunc
701 2114 802 2202 anrgit

142 2203 201 2268 Vn
213 2203 345 2292 quidem
358 2201 486 2288 loquax,
501 2211 612 2286 potena
626 2199 824 2277 confidentia,

140 2293 169 2356 A
208 2291 276 2356 ‘vua
291 2309 357 2354 non
375 2288 523 2376 Argivus,
535 2285 657 2352 cubitos
670 2285 872 2371 protendens,

142 2313 260 2442 Firpm
274 2387 307 2440 et
320 2373 468 2450 tumultu,
483 2385 515 2437 et
528 2371 623 2438 stulte
635 2371 776 2450 andacia,

143 2462 259 2528 Valens
272 2459 491 2548 persuadendo
504 2459 659 2546 conjicere
672 2480 725 2523 eoa
738 2459 772 2522 in
786 2455 915 2546 aliquod
927 2460 1100 2526 malum-
1205 2497 1209 2508 ·

141 2548 225 2614 Nam
240 2545 370 2636 quando
381 2543 535 2622 sammdua
550 2546 691 2610 oratione
704 2543 826 2630 aliquia,
843 2544 923 2610 male
935 2547 1099 2626 animatur,

145 2633 318 2700 Persuadct
333 2631 438 2718 vulgo,
453 2642 500 2696 eat
513 2651 664 2718 magnum
679 2629 795 2694 undum
810 2629 901 2695 urbi:

143 2721 335 2805 Quicunque
347 2729 452 2784 autem
467 2717 639 2802 prudenter
652 2727 737 2782 recta
750 2715 918 2781 consulunt
930 2739 1063 2806 semper,

145 2807 277 2873 Etiamsi
291 2827 356 2870 non
370 2805 486 2880 statim,
498 2814 602 2870 tamen
617 2815 726 2890 postea
738 2813 811 2867 aunt
823 2801 915 2867 utilea

146 2893 236 2959 Urbi
269 2890 449 2976 Principem
464 2901 567 2954 autem
582 2901 708 2974 oportet
719 2887 925 2974 contemplari
1073 2900 1137 2958 800

146 2980 197 3044 Sic
208 2980 396 3043 intuentem.
425 2975 510 3040 Nam
524 2974 632 3040 similia
645 2987 692 3039 est
705 2969 846 3038 conditio

144 3063 287 3130 Dicentis
300 3061 467 3143 orationes,
481 3074 513 3126 et
525 3059 679 3126 medentia
694 3081 843 3124 mauu.-

147 3150 210 3227 Qut
224 3150 317 3228 dixit,
333 3147 478 3215 Orestem
493 3160 525 3213 et
538 3157 570 3212 te
582 3146 683 3213 occidi
698 3144 853 3232 lapidibus
866 3145 981 3214 debere

147 3235 324 3324 conjectis:
347 3234 532 3300 subornavit
546 3246 651 3298 autem
666 3232 836 3319 Τγιιάατιιε
850 3254 1008 3300 sermonen

147 3321 237 3388 Talea
249 3322 357 3388 dicere
369 3320 426 3401 illi,
440 3319 495 3409 qui
508 3341 564 3384 vos
577 3319 721 3384 occidere
734 3318 889 3384 studebat.

146 3409 298 3495 Aliuaque
310 3429 443 3496 turgens
457 3406 538 3471 dixit
551 3403 626 3470 huic
638 3405 807 3482 contraria,

147 3493 219 3560 Non
232 3505 382 3560 renuente
396 3492 510 3579 qrecie,
522 3492 579 3557 ned
591 3493 639 3555 vir
651 3490 752 3572 fortia,

147 3581 233 3646 Raro
246 3579 392 3666 polluens
405 3579 562 3644 civitatem
577 3589 610 3642 et
623 3577 776 3642 circulum
790 3575 860 3654 sori,

146 3667 329 3753 Opcrmiua,
345 3665 398 3754 qni
413 3664 472 3730 soli
484 3664 641 3730 civitatem
654 3663 772 3728 salvam
785 3673 946 3748 praestant,

147 3753 344 3834 Sed'acutnp,
358 3751 501 3816 cominua
514 3750 561 3814 ire
574 3749 763 3835 disputando
777 3748 915 3826 studens,
1075 3757 1139 3816 910

147 3837 297 3925 Simplex,
311 3839 368 3926 qui
382 3838 503 3902 vixerat
516 3835 611 3901 vitam
625 3857 691 3899 non
704 3833 1010 3920 reprehendendum:
1101 3867 1109 3888 ι

145 3923 177 3990 la
189 3925 312 3991 amauit
327 3923 471 3989 Orestem
485 3921 586 3986 filium
602 3922 852 4004 Agamemnonis
868 3915 879 3930 ’

146 4011 380 4087 coronandum,
418 4009 451 4073 ui
464 4007 563 4073 voluit
576 4007 686 4074 ulcisci
699 4021 832 4092 patrem,

145 4095 340 4162 interficiens
353 4117 385 4160 m
483 4093 646 4159 mulierem
661 4108 693 4159 ct
705 4094 847 4180 impiam,

143 4179 998 4272 Qunquidemeoemeteeieutnemojaovelitmmum
1005 4199 1138 4259 armare,

145 4267 256 4358 Neque
269 4269 407 4336 militare
419 4268 530 4336 relicta
543 4266 649 4347 domo,
