2854 4866
658 227 987 296 EURIPIDIS

371 401 584 483 Sacerdotem,
600 399 641 466 ad
656 423 750 488 quarn
765 400 932 476 aooedam„

372 489 464 558 Solus
478 511 553 553 vero
566 489 593 552 si
607 489 640 552 in
655 487 716 552 bac
726 487 797 553 luoe
809 504 889 552 esset

372 575 482 642 Oculis
496 575 606 638 videns

373 661 487 727 Phoebi
504 661 587 725 filius
602 661 809 744 AEsmlapius,
825 658 941 724 relictis

371 748 503 820 Rediret
518 747 644 812 Alcestis
656 746 858 810 tenebricosis
871 745 996 810 sedibus

372 833 417 898 Et
430 833 530 919 portis
546 832 708 908 Plutonis3

374 919 523 985 Mortuos
537 922 621 983 enirn
636 916 843 998 resuscitabit,

373 1005 562 1092 Priusquam
577 1025 650 1068 eum
664 1003 820 1068 interiecit
832 1027 852 1068 a
865 1003 944 1068 Jove
958 1001 1114 1066 vibratum

378 1092 494 1157 Telum
509 1091 591 1178 ignis
605 1089 756 1154 fulminei.

378 1178 473 1244 Nunc
488 1197 671 1262 veroquam
686 1175 760 1239 vitae

378 1265 474 1348 Spem
490 1262 646 1348 expecto?

377 1350 495 1415 Omnia
509 1349 593 1412 enirn
606 1370 691 1412 nnnc
706 1360 824 1413 tentata
838 1361 911 1413 sunt
925 1347 1006 1436 regi·

312 1438 317 1450 '
375 1436 445 1514 bus,
460 1435 501 1499 ad
516 1456 625 1499 omnes
639 1449 743 1499 autern
757 1457 827 1499 aras
841 1435 971 1499 deorum

377 1521 519 1586 Cruenta
534 1521 686 1585 sacrificio
699 1521 792 1606 plene
806 1521 1017 1598 cumulantur,

377 1606 421 1673 Et
434 1619 539 1672 tamen
554 1606 668 1670 horum
682 1607 837 1670 malorum
849 1607 972 1670 nullurn
987 1620 1033 1671 est
1047 1609 1237 1675 remedium.
1258 1633 1263 1642 ·

379 1693 441 1758 Sed
456 1715 529 1758 ecce
543 1693 688 1778 quasdam
702 1691 890 1757 famularum
904 1714 945 1756 ex
961 1693 1081 1759 sedibus
1094 1695 1263 1782 egreditur

377 1779 588 1867 Lacrymans:
611 1801 704 1864 quem
719 1792 863 1843 eventum
880 1777 1031 1844 audiam?

377 1865 505 1954 Lugere
518 1865 656 1952 quidem,
671 1865 697 1930 si
713 1865 789 1952 quid
803 1864 886 1929 heris
900 1865 1023 1944 accidit,

378 1951 510 2016 Veniam
526 1965 680 2016 meretur:
704 1965 809 2016 utrum
824 1963 927 2015 autam
942 1950 1045 2016 adbuc
1059 1951 1099 2014 sit
1115 1951 1184 2017 viva
1198 1955 1333 2034 mulier,

378 2039 430 2101 An
446 2059 520 2102 vero
534 2037 672 2122 perierit,
688 2038 765 2101 seire
779 2036 920 2102 velimus.
1323 2055 1397 2112 140

295 2143 353 2188 sn.
375 2122 418 2188 Et
432 2123 534 2187 vivam
548 2121 662 2200 dicere,
678 2136 709 2187 at
724 2136 879 2187 mortuam
893 2123 966 2188 licet
980 2122 1049 2189 tibi.

294 2207 546 2284 canuornodo
560 2221 664 2273 autern
678 2209 760 2273 idem
777 2221 879 2294 potest
892 2221 1034 2274 mortuus
1048 2233 1116 2276 esse
1129 2224 1162 2277 et
1177 2213 1319 2282 vivere?

293 2314 352 2361 Art.
373 2295 447 2360 lam
461 2296 546 2360 morti
560 2307 606 2359 est
622 2295 733 2372 vicino,
749 2307 780 2359 et
794 2295 860 2382 agit
874 2296 1021 2361 animam.

294 2380 412 2446 cno.0
425 2381 529 2458 miser,
545 2379 630 2468 quali
644 2380 744 2467 qualis
758 2383 894 2446 existens
907 2405 1001 2446 rmore
1014 2383 1165 2467 privaris!

294 2486 351 2531 sn,
375 2465 526 2532 Nondum
542 2467 603 2531 boo
617 2469 674 2531 scit
688 2467 843 2544 dominus,
859 2469 1041 2554 prinsquam
1056 2469 1218 2538 occiderit.

295 2551 474 2618 onnNulla
488 2575 557 2638 spes
572 2552 668 2641 igitur
682 2553 844 2618 servandae
857 2554 930 2618 vitre
940 2553 1109 2639 superest?

295 2657 352 2703 sn.
375 2639 491 2704 Fatalis
504 2639 588 2704 enirn
603 2638 670 2703 dies
683 2639 834 2704 violenter
847 2639 980 2706 accedit.

296 2724 463 2790 coortum
479 2725 577 2814 igitur
590 2723 671 2790 fiunt
685 2725 730 2790 illi
745 2724 907 2790 solennia?

293 2831 351 2875 sn.
375 2809 518 2876 Ornatus
532 2823 579 2876 est
592 2824 730 2896 paratus,
746 2835 809 2899 quo
824 2835 893 2878 eam
908 2813 1034 2898 sepeliet
1050 2815 1189 2882 meritus.

295 2898 465 2963 cn0.Scito
479 2919 563 2961 nuno
578 2899 644 2979 illa,
659 2897 744 2985 qnod
758 2899 895 2985 gloriose
909 2900 1070 2976 morietur,
1331 2919 1407 2978 150

381 2981 425 3048 Et
437 2982 533 3072 longe
547 2985 668 3068 optima
680 2983 793 3048 mulier
806 2985 957 3062 omnium,
974 3007 1045 3072 quae
1060 2987 1121 3052 sub
1135 2987 1203 3052 sole
1217 3003 1308 3060 sunt.

294 3088 351 3133 art.
383 3068 555 3144 Quomodo
569 3092 644 3133 raro
658 3092 721 3133 non
737 3069 879 3155 optima?
899 3071 968 3158 quis
983 3093 1057 3136 vero
1071 3073 1297 3143 contradicet?

380 3153 469 3230 Quid
484 3158 630 3220 convenit
644 3155 728 3220 alind
746 3158 812 3220 lieri
826 3157 1115 3242 praestantissimam

382 3239 574 3306 Mulierem?
599 3241 759 3327 quomodo
773 3243 856 3307 eninr
873 3245 971 3332 magis
985 3244 1128 3309 ostendat
1144 3245 1209 3312 ulla

380 3328 422 3392 Se
435 3326 658 3414 magnifacere
672 3329 831 3407 maritum,
846 3351 940 3430 qnam
957 3329 983 3393 si
997 3331 1070 3394 velit
1084 3353 1145 3416 pro
1160 3355 1196 3396 ro
1211 3337 1298 3402 mori
1311 3339 1330 3404 'l

380 3411 424 3478 Et
439 3413 507 3477 hoec
542 3413 647 3478 uidem
663 3414 806 3480 universa
821 3416 927 3480 civrtas
942 3417 1049 3480 novit:

379 3499 426 3564 At
439 3521 511 3585 quae
521 3435 611 3562 dorni
626 3499 699 3587 egit,
715 3502 879 3566 miraberis
892 3502 1031 3566 audiens.

381 3585 550 3671 Postquam
564 3586 649 3650 enim
663 3587 758 3650 sensit
770 3587 896 3652 fatalem
910 3587 994 3652 diem

381 3670 511 3748 Adesse,
526 3671 643 3736 fluviali
657 3695 739 3759 aqua
752 3673 920 3738 candidum
934 3696 1049 3760 corpus

381 3755 485 3835 Lavit,
501 3768 534 3822 et
547 3757 704 3843 accipiens
719 3781 760 3824 ex
776 3759 910 3824 cedrinis
924 3761 1004 3824 arcis

380 3843 492 3909 Vestes
506 3859 538 3908 et
551 3857 746 3921 ornamenta,
761 3845 920 3910 decorose
935 3846 1068 3923 ornarit,

379 3929 423 3995 Et
436 3943 521 3994 stans
531 3941 605 3995 ante
616 3930 722 3995 focum
737 3931 940 4016 precabatur:

380 4016 411 4078 Ο
424 4014 667 4103 domina-ego
681 4017 765 4080 enirn
780 4016 861 4083 infra
875 4031 974 4082 terras
988 4041 1081 4096 eo,-

381 4100 578 4167 Postremum
593 4114 625 4167 te
638 4101 771 4167 adorans
785 4117 900 4188 petam,

382 4183 429 4251 Ut
442 4186 602 4273 orphanos
615 4209 701 4254 meos
714 4209 822 4253 cures:
844 4205 877 4254 et
889 4190 979 4256 alteri
994 4189 1121 4277 quidem
1136 4191 1272 4258 oboram

381 4271 502 4362 langas
515 4275 694 4363 conjugem,
709 4273 796 4340 alteri
812 4298 885 4342 vero
897 4297 1086 4364 generosum
1101 4277 1267 4345 mentum.
