2854 4866
647 209 956 278 EURIPIDIS

251 402 258 410 '
351 391 435 458 (lum
449 389 540 475 ipsis,-
550 385 654 474 quosd
667 397 804 462 celetem,
816 383 951 472 pulchre
963 383 1084 450 sederet
1099 387 1190 466 mori,

350 475 490 544 Pulchre
501 473 597 539 muru
611 495 734 538 semre
746 471 859 546 filium,
874 484 905 535 et
919 469 1055 558 gloriose
1068 473 1159 537 mori.

353 563 449 629 Solus
464 561 547 626 enim
562 559 638 645 ipsis
651 581 739 624 eres:
761 579 820 622 nec
833 557 898 620 ulls
911 579 981 641 spes
996 573 1074 639 eret,

350 648 401 714 Te
415 659 550 722 mortuo,
567 647 651 730 ipsos
666 645 828 732 geniturus
842 642 935 707 aliem
949 643 1099 708 sobolem.

351 733 397 800 Et
409 756 469 818 ego
484 732 638 808 vixissem,
653 745 685 795 et
698 742 733 794 tu
749 729 902 814 reliquum
918 739 1049 815 tempus,

352 819 422 886 Nec
435 831 471 884 tu
484 817 612 882 orbetus
627 829 682 882 me
694 817 829 904 conjuge
842 837 992 901 gemeres,

351 906 464 990 Neque
476 902 591 968 liberos
605 901 877 967 orboseducsres:
900 923 1008 965 verum
1024 901 1094 966 haec
1106 901 1238 989 quidem

222 985 224 990 ¹
351 991 496 1058 Deorum
510 988 622 1076 uliquis
636 987 748 1064 effecit,
759 999 795 1052 ut
808 987 851 1050 ite
865 1009 897 1051 se
911 986 1072 1052 heberent.
1152 1025 1155 1032 ·
1298 999 1370 1056 810

352 1077 416 1144 Sed
431 1075 471 1140 sit
483 1076 536 1139 ite.
558 1075 609 1139 Tu
623 1096 698 1138 vero
712 1073 801 1138 nobis
811 1070 894 1137 hauc
902 1087 1060 1138 memento
1070 1072 1187 1140 hebere
1196 1075 1368 1162 graium:

353 1163 528 1248 Nunquam
540 1161 626 1226 enim
639 1183 661 1225 n
673 1173 705 1224 te
718 1159 846 1259 dignam
861 1159 1026 1244 postulabo
1033 1181 1087 1222 :-

355 1248 439 1314 Nsm
454 1245 534 1312 nihil
547 1261 593 1312 est
607 1247 670 1312 vito
683 1245 852 1331 preciosius
860 1267 914 1308 :-

352 1334 475 1400 Justsm
490 1345 605 1410 tnmen,
622 1343 657 1396 nt
670 1333 736 1416 ipse
749 1330 849 1394 dices:
873 1330 930 1394 hoe
944 1331 1028 1396 enim
1041 1351 1129 1396 emes

354 1421 430 1486 Non
444 1418 547 1482 minus
562 1439 655 1504 quem
669 1439 730 1504 ego
744 1415 871 1493 liberos,
887 1415 1038 1501 siquidem
1052 1418 1154 1502 sepis:

355 1503 429 1570 Hos
442 1516 550 1590 patere
563 1503 705 1568 dominos
719 1524 798 1567 mese
810 1501 925 1568 domus
939 1524 1010 1578 esse,

356 1590 400 1656 Et
413 1612 478 1655 non
492 1590 716 1675 superinduens
729 1609 894 1654 novercam
911 1589 957 1651 his
971 1588 1087 1664 liberis,

355 1675 441 1753 Quae
456 1697 528 1741 cum
542 1698 593 1742 me
606 1673 744 1740 deterior
758 1673 934 1751 sitmulier,
949 1696 989 1739 ex
1005 1674 1125 1740 invidie

358 1759 442 1829 Meis
456 1773 489 1828 et
501 1762 563 1826 tuis
575 1761 682 1826 liberis
695 1781 806 1825 munus
820 1759 945 1847 injiciet.
992 1767 1004 1786 ⁶

356 1850 408 1914 Ne
421 1845 516 1912 secius
530 1848 627 1936 igitur
639 1846 720 1925 hec,
735 1846 943 1930 ebetepeto:
1299 1859 1373 1914 ³20

357 1933 502 1999 Norerce
514 1936 597 1999 euim
612 1935 702 1998 iecori
713 1933 879 1998 succedens
893 1931 998 1996 liberis
1012 1943 1056 1997 ecl
1069 1931 1197 1998 iniuiice

358 2019 532 2097 Prioribus,
550 2019 650 2083 nihilo
665 2020 772 2082 mitior
785 2040 880 2105 quum
896 2019 1011 2101 ripere

355 2105 400 2171 Et
422 2103 504 2169 filius
523 2105 650 2254 quidlem
671 2104 829 2169 musculus
848 2117 969 2190 putrem
993 2104 1086 2170 hebet
1107 2127 1263 2193 magnum
1287 2127 1373 2192 pro-

464 2214 485 2256 u
529 2213 587 2256 scu
601 2214 665 2269 um,

357 2212 477 2427 ilfiueln
486 2213 555 2363 Idm
570 2275 681 2342 effetus
695 2289 752 2356 est,
766 2291 799 2342 et
813 2278 1018 2363 compelletur
1031 2291 1077 2342 est
1086 2279 1255 2358 uicissim.)

392 2383 412 2426 n
427 2375 512 2445 vero,
528 2361 639 2428 Ofilio
652 2385 733 2442 mea,
748 2364 908 2450 quomodo
921 2364 1104 2432 edoceberis
1117 2361 1276 2429 honeste?

358 2447 494 2524 Qualem
509 2462 603 2514 nocte
615 2451 781 2537 conjugem
797 2451 842 2515 tui
856 2449 977 2536 putris?

358 2532 410 2599 Ne
423 2533 480 2599 tibi
494 2534 631 2622 aliquem
646 2549 769 2620 turpem
783 2537 950 2622 imponens
962 2535 1088 2614 lumem,

359 2619 399 2686 In
413 2619 482 2706 ipso
495 2621 667 2706 pubertatie
679 2621 757 2688 dore
771 2636 952 2708 corrumpet
965 2636 1035 2687 tuoe
1048 2623 1191 2708 nuptias:

358 2706 435 2771 Non
448 2707 535 2770 enirn
548 2719 648 2772 meter
662 2723 693 2773 le
707 2731 846 2794 unquam
861 2709 975 2796 nuptui
989 2708 1086 2786 debit,

358 2791 428 2857 Nec
441 2792 474 2856 in
490 2806 583 2878 portu
596 2806 653 2859 tuo
669 2803 698 2858 le
711 2793 912 2860 confirmabit
925 2796 1065 2860 animum
1079 2793 1209 2871 adda
1226 2792 1261 2860 Ο
1276 2793 1365 2872 filie,

359 2876 512 2957 Praesens,
527 2880 845 2947 ubinihileslmotre
857 2882 987 2970 gratius.
1300 2891 1370 2950 8⁸1

359 2963 496 3049 Oportet
509 2967 592 3030 eniru
607 2988 658 3032 me
674 2967 774 3031 mori:
796 2980 828 3032 et
843 2967 904 3032 hoc
917 2989 981 3032 non
998 2967 1031 3031 in
1045 2965 1229 3044 erastinum,

359 3049 473 3135 Neque
487 3051 520 3114 in
534 3053 660 3117 tertium
675 3055 757 3117 dien
773 3051 883 3117 Parere
897 3053 1014 3118 melum
1028 3053 1186 3118 adventet.

360 3134 423 3200 Sed
437 3137 542 3200 stetim
556 3138 791 3203 intermortuos
805 3140 1002 3204 numerabor.

358 3219 467 3286 Velete
482 3223 613 3288 hilares:
636 3237 667 3288 et
682 3225 740 3288 tibi
755 3225 890 3310 quiden,
905 3225 1026 3302 merite,

359 3305 452 3370 Licet
464 3307 594 3396 gloriari
609 3323 640 3373 te
654 3308 799 3374 habuisse
812 3311 966 3396 optimum
980 3313 1158 3398 conjugem,

359 3391 458 3457 Vobis
472 3416 557 3474 vero,
571 3395 673 3474 liberi,
689 3419 744 3460 vos
758 3419 824 3462 esse
837 3412 938 3462 matre
953 3411 1041 3462 octos
1057 3397 1188 3482 optime.

274 3497 351 3543 cuo.
363 3477 455 3544 Bono
469 3479 511 3544 sis
525 3481 648 3546 auimo:
670 3504 729 3568 pro
743 3481 804 3547 hcc
818 3484 902 3547 enim
916 3484 1020 3547 dicere
1035 3505 1099 3547 non
1114 3503 1236 3549 vereor.

362 3563 470 3632 Faciet
485 3565 565 3648 hec,
579 3568 605 3631 si
619 3567 716 3632 modo
730 3568 772 3633 de
785 3591 862 3634 seno
876 3573 989 3634 mentis
1003 3583 1085 3634 stetu
1099 3589 1164 3634 nou
1178 3569 1317 3636 excidit.

275 3669 330 3716 en.
360 3651 451 3716 Fient
465 3650 544 3732 haec,
559 3651 646 3730 fient,
662 3675 703 3719 ue
717 3667 856 3720 metues:
880 3669 1046 3740 postquem
1060 3655 1136 3720 enim
1150 3677 1213 3743 ego
1227 3669 1261 3720 te
1300 3669 1377 3726 8⁴0

360 3734 405 3801 Et
418 3737 571 3804 viventem
587 3739 694 3816 hebui,
710 3755 741 3804 ec
756 3753 881 3806 mortue
894 3763 965 3805 mes
979 3742 1096 3828 conjux

361 3821 436 3889 Sole
450 3825 620 3902 vocaberis,
635 3839 666 3890 et
680 3825 765 3890 nulle
779 3848 840 3911 pro
854 3843 885 3892 te
898 3849 1038 3912 uuquam

362 3907 485 3994 Spousu
499 3910 651 3976 'Ilressnln
667 3935 716 3976 me
729 3912 930 3997 compellabis
944 3913 1044 3978 virum
1059 3933 1161 3978 suum.

360 3993 458 4058 Nulla
472 4009 518 4060 est
532 4009 596 4062 lam
611 3997 711 4063 nobili
725 4011 815 4083 petre
828 4013 914 4075 netu

360 4076 459 4144 Nulla
472 4082 589 4170 alioqui
604 4081 706 4148 forms
719 4084 962 4150 eminentissime
975 4083 1097 4150 mulier.

360 4161 444 4230 Setis
458 4170 540 4234 euim
557 4169 728 4236 liberorum
745 4171 838 4236 dobeo
845 4196 859 4250 ,-
874 4172 1052 4258 horumque
1059 4171 1242 4238 fruitionem
1251 4193 1385 4260 precor
