<?xml version="1.0" encoding="UTF-8"?>
<!DOCTYPE html PUBLIC "-//W3C//DTD XHTML 1.0 Transitional//EN"
    "http://www.w3.org/TR/xhtml1/DTD/xhtml1-transitional.dtd">
<html xmlns="http://www.w3.org/1999/xhtml" xml:lang="en" lang="en">
 <head>
  <title>
</title>
<meta http-equiv="Content-Type" content="text/html;charset=utf-8" />
  <meta name='ocr-system' content='tesseract 3.04.00' />
  <meta name='ocr-capabilities' content='ocr_page ocr_carea ocr_par ocr_line ocrx_word'/>
</head>
<body>
  <div class='ocr_page' id='page_1' title='image "./euripidistragoe00mattgoog/euripidistragoe00mattgoog_0469.png"; bbox 0 0 2852 4862; ppageno 0'>
   <div class='ocr_carea' id='block_1_1' title="bbox 267 150 1397 236">
    <p class='ocr_par' dir='ltr' id='par_1_1' title="bbox 267 122 1397 261">
     <span class='ocr_line' id='line_1_1' title="bbox 267 150 1397 236; baseline -0.007 -1"><span class='ocrx_word' id='word_1_1' title='bbox 267 173 332 236; x_wconf 75' lang='grc' dir='ltr'><strong>ιιι</strong></span> <span class='ocrx_word' id='word_1_2' title='bbox 648 159 979 228; x_wconf 74' lang='lat' dir='ltr'><strong>suasanus</strong></span> <span class='ocrx_word' id='word_1_3' title='bbox 1392 150 1397 189; x_wconf 85' lang='lat'><strong>¹</strong></span> 
     </span>
    </p>
   </div>
   <div class='ocr_carea' id='block_1_2' title="bbox 165 333 1404 4292">
    <p class='ocr_par' dir='ltr' id='par_1_2' title="bbox 165 333 1404 4292">
     <span class='ocr_line' id='line_1_2' title="bbox 265 333 1397 420; baseline -0.008 -18"><span class='ocrx_word' id='word_1_4' title='bbox 265 356 340 403; x_wconf 78' lang='lat' dir='ltr'><strong>nc.</strong></span> <span class='ocrx_word' id='word_1_5' title='bbox 352 335 391 400; x_wconf 89' lang='lat' dir='ltr'><strong>lo</strong></span> <span class='ocrx_word' id='word_1_6' title='bbox 406 333 519 400; x_wconf 85' lang='lat' dir='ltr'><strong>dextra</strong></span> <span class='ocrx_word' id='word_1_7' title='bbox 532 334 680 398; x_wconf 81' lang='lat' dir='ltr'><strong>convenit</strong></span> <span class='ocrx_word' id='word_1_8' title='bbox 692 347 727 398; x_wconf 89' lang='lat' dir='ltr'><strong>et</strong></span> <span class='ocrx_word' id='word_1_9' title='bbox 738 333 831 398; x_wconf 83' lang='lat' dir='ltr'><strong>simul</strong></span> <span class='ocrx_word' id='word_1_10' title='bbox 844 333 1053 420; x_wconf 69' lang='lat' dir='ltr'><strong>dmtropede</strong></span> <span class='ocrx_word' id='word_1_11' title='bbox 1390 374 1397 393; x_wconf 89' lang='lat'><em>.</em></span> 
     </span>
     <span class='ocr_line' id='line_1_3' title="bbox 352 396 1397 504; baseline 0.001 -18"><span class='ocrx_word' id='word_1_12' title='bbox 352 417 480 486; x_wconf 88' lang='lat' dir='ltr'><strong>Tollere</strong></span> <span class='ocrx_word' id='word_1_13' title='bbox 490 441 581 486; x_wconf 83' lang='lat' dir='ltr'><strong>eom:</strong></span> <span class='ocrx_word' id='word_1_14' title='bbox 601 418 698 484; x_wconf 90' lang='lat' dir='ltr'><strong>laudo</strong></span> <span class='ocrx_word' id='word_1_15' title='bbox 713 441 788 484; x_wconf 84' lang='lat' dir='ltr'><strong>vero</strong></span> <span class='ocrx_word' id='word_1_16' title='bbox 802 419 888 504; x_wconf 86' lang='lat' dir='ltr'><strong>quod</strong></span> <span class='ocrx_word' id='word_1_17' title='bbox 901 421 1191 487; x_wconf 69' lang='lat' dir='ltr'><strong>mmmmm.</strong></span> <span class='ocrx_word' id='word_1_18' title='bbox 1389 396 1397 475; x_wconf 89' lang='lat' dir='ltr'><strong>l</strong></span> 
     </span>
     <span class='ocr_line' id='line_1_4' title="bbox 266 505 954 592; baseline -0.006 -18"><span class='ocrx_word' id='word_1_19' title='bbox 266 528 344 574; x_wconf 75' lang='lat' dir='ltr'><strong>een.</strong></span> <span class='ocrx_word' id='word_1_20' title='bbox 356 506 529 571; x_wconf 73' lang='lat' dir='ltr'><strong>Possumne</strong></span> <span class='ocrx_word' id='word_1_21' title='bbox 542 505 659 570; x_wconf 91' lang='lat' dir='ltr'><strong>montis</strong></span> <span class='ocrx_word' id='word_1_22' title='bbox 674 505 864 572; x_wconf 77' lang='lat' dir='ltr'><strong>Cithaeronis</strong></span> <span class='ocrx_word' id='word_1_23' title='bbox 873 507 954 592; x_wconf 80' lang='lat' dir='ltr'><strong>juga</strong></span> 
     </span>
     <span class='ocr_line' id='line_1_5' title="bbox 353 591 1083 681; baseline -0.003 -23"><span class='ocrx_word' id='word_1_24' title='bbox 353 593 435 658; x_wconf 90' lang='lat' dir='ltr'><strong>Cum</strong></span> <span class='ocrx_word' id='word_1_25' title='bbox 451 593 527 676; x_wconf 85' lang='lat' dir='ltr'><strong>ipsis</strong></span> <span class='ocrx_word' id='word_1_26' title='bbox 543 591 677 658; x_wconf 76' lang='lat' dir='ltr'>Bacchis</span> <span class='ocrx_word' id='word_1_27' title='bbox 692 593 768 656; x_wconf 69' lang='lat' dir='ltr'><strong>mma</strong></span> <span class='ocrx_word' id='word_1_28' title='bbox 782 591 921 658; x_wconf 86' lang='lat' dir='ltr'><strong>humeris</strong></span> <span class='ocrx_word' id='word_1_29' title='bbox 933 591 1083 681; x_wconf 65' lang='lat' dir='ltr'><strong>gestare?</strong></span> 
     </span>
     <span class='ocr_line' id='line_1_6' title="bbox 266 678 1038 764; baseline -0.003 -18"><span class='ocrx_word' id='word_1_30' title='bbox 266 701 341 748; x_wconf 79' lang='lat' dir='ltr'><strong>asc.</strong></span> <span class='ocrx_word' id='word_1_31' title='bbox 355 679 488 756; x_wconf 89' lang='lat' dir='ltr'><strong>Poteris,</strong></span> <span class='ocrx_word' id='word_1_32' title='bbox 503 679 528 742; x_wconf 89' lang='lat' dir='ltr'><strong>si</strong></span> <span class='ocrx_word' id='word_1_33' title='bbox 544 678 636 743; x_wconf 86' lang='lat' dir='ltr'><strong>velis:</strong></span> <span class='ocrx_word' id='word_1_34' title='bbox 658 678 795 764; x_wconf 83' lang='lat' dir='ltr'><strong>priorem</strong></span> <span class='ocrx_word' id='word_1_35' title='bbox 812 701 887 744; x_wconf 84' lang='lat' dir='ltr'><strong>vero</strong></span> <span class='ocrx_word' id='word_1_36' title='bbox 900 693 1038 744; x_wconf 87' lang='lat' dir='ltr'><strong>mentem</strong></span> 
     </span>
     <span class='ocr_line' id='line_1_7' title="bbox 352 757 1324 853; baseline -0.005 -21"><span class='ocrx_word' id='word_1_37' title='bbox 352 767 426 832; x_wconf 88' lang='lat' dir='ltr'><strong>Non</strong></span> <span class='ocrx_word' id='word_1_38' title='bbox 443 765 579 830; x_wconf 78' lang='lat' dir='ltr'><strong>habuisti</strong></span> <span class='ocrx_word' id='word_1_39' title='bbox 594 787 712 842; x_wconf 85' lang='lat' dir='ltr'><strong>sanam,</strong></span> <span class='ocrx_word' id='word_1_40' title='bbox 728 787 814 832; x_wconf 86' lang='lat' dir='ltr'><strong>nuuc</strong></span> <span class='ocrx_word' id='word_1_41' title='bbox 827 786 902 830; x_wconf 80' lang='lat' dir='ltr'><strong>vero</strong></span> <span class='ocrx_word' id='word_1_42' title='bbox 924 757 1020 831; x_wconf 79' lang='lat' dir='ltr'><strong>babes</strong></span> <span class='ocrx_word' id='word_1_43' title='bbox 1042 768 1169 853; x_wconf 81' lang='lat' dir='ltr'><strong>qualem</strong></span> <span class='ocrx_word' id='word_1_44' title='bbox 1187 779 1218 830; x_wconf 86' lang='lat' dir='ltr'><strong>te</strong></span> <span class='ocrx_word' id='word_1_45' title='bbox 1237 763 1324 826; x_wconf 65' lang='lat' dir='ltr'><strong>utne</strong></span> 
     </span>
     <span class='ocr_line' id='line_1_8' title="bbox 437 866 573 936; baseline -0.015 -20"><span class='ocrx_word' id='word_1_46' title='bbox 437 866 573 936; x_wconf 74' lang='lat' dir='ltr'><strong>oportet.</strong></span> 
     </span>
     <span class='ocr_line' id='line_1_9' title="bbox 267 936 1025 1015; baseline -0.005 -9"><span class='ocrx_word' id='word_1_47' title='bbox 267 939 465 1006; x_wconf 58' lang='lat' dir='ltr'><strong>mameae·</strong></span> <span class='ocrx_word' id='word_1_48' title='bbox 478 936 624 1014; x_wconf 83' lang='lat' dir='ltr'><strong>feramus,</strong></span> <span class='ocrx_word' id='word_1_49' title='bbox 639 949 695 1000; x_wconf 91' lang='lat' dir='ltr'><strong>aut</strong></span> <span class='ocrx_word' id='word_1_50' title='bbox 709 936 852 1002; x_wconf 83' lang='lat' dir='ltr'><strong>manibus</strong></span> <span class='ocrx_word' id='word_1_51' title='bbox 867 937 1025 1015; x_wconf 76' lang='lat' dir='ltr'><strong>revellam,</strong></span> 
     </span>
     <span class='ocr_line' id='line_1_10' title="bbox 351 1002 1399 1110; baseline -0.005 -20"><span class='ocrx_word' id='word_1_52' title='bbox 351 1025 540 1110; x_wconf 86' lang='lat' dir='ltr'><strong>Supponena</strong></span> <span class='ocrx_word' id='word_1_53' title='bbox 553 1023 719 1087; x_wconf 90' lang='lat' dir='ltr'><strong>humerum</strong></span> <span class='ocrx_word' id='word_1_54' title='bbox 733 1039 788 1087; x_wconf 93' lang='lat' dir='ltr'><strong>aut</strong></span> <span class='ocrx_word' id='word_1_55' title='bbox 801 1023 966 1090; x_wconf 82' lang='lat' dir='ltr'><strong>brachium</strong></span> <span class='ocrx_word' id='word_1_56' title='bbox 980 1024 1151 1090; x_wconf 84' lang='lat' dir='ltr'><strong>verticibus</strong></span> <span class='ocrx_word' id='word_1_57' title='bbox 1164 1017 1320 1089; x_wconf 80' lang='lat' dir='ltr'><strong>mmtium?</strong></span> <span class='ocrx_word' id='word_1_58' title='bbox 1394 1002 1399 1075; x_wconf 83' lang='lat' dir='ltr'><strong>l</strong></span> 
     </span>
     <span class='ocr_line' id='line_1_11' title="bbox 267 1109 1326 1196; baseline -0.007 -20"><span class='ocrx_word' id='word_1_59' title='bbox 267 1131 339 1178; x_wconf 78' lang='lat' dir='ltr'><strong>stc</strong></span> <span class='ocrx_word' id='word_1_60' title='bbox 355 1111 406 1175; x_wconf 88' lang='lat' dir='ltr'><strong>Ne</strong></span> <span class='ocrx_word' id='word_1_61' title='bbox 420 1125 454 1174; x_wconf 91' lang='lat' dir='ltr'><strong>tu</strong></span> <span class='ocrx_word' id='word_1_62' title='bbox 471 1111 690 1196; x_wconf 75' lang='lat' dir='ltr'><strong>Nympharum</strong></span> <span class='ocrx_word' id='word_1_63' title='bbox 706 1109 818 1192; x_wconf 87' lang='lat' dir='ltr'><strong>perdas</strong></span> <span class='ocrx_word' id='word_1_64' title='bbox 832 1111 944 1174; x_wconf 87' lang='lat' dir='ltr'><strong>sacella</strong></span> <span class='ocrx_word' id='word_1_65' title='bbox 1275 1113 1326 1171; x_wconf 80' lang='lat' dir='ltr'><strong>sto</strong></span> 
     </span>
     <span class='ocr_line' id='line_1_12' title="bbox 353 1195 1036 1274; baseline 0 -12"><span class='ocrx_word' id='word_1_66' title='bbox 353 1195 397 1262; x_wconf 88' lang='lat' dir='ltr'><strong>Et</strong></span> <span class='ocrx_word' id='word_1_67' title='bbox 413 1196 507 1262; x_wconf 83' lang='lat' dir='ltr'><strong>Panis</strong></span> <span class='ocrx_word' id='word_1_68' title='bbox 521 1196 617 1274; x_wconf 83' lang='lat' dir='ltr'><strong>aedes,</strong></span> <span class='ocrx_word' id='word_1_69' title='bbox 634 1195 688 1260; x_wconf 88' lang='lat' dir='ltr'><strong>ubi</strong></span> <span class='ocrx_word' id='word_1_70' title='bbox 703 1195 782 1260; x_wconf 85' lang='lat' dir='ltr'><strong>solet</strong></span> <span class='ocrx_word' id='word_1_71' title='bbox 796 1195 1036 1262; x_wconf 79' lang='lat' dir='ltr'><strong>fienda-ludere.</strong></span> 
     </span>
     <span class='ocr_line' id='line_1_13' title="bbox 267 1279 1075 1350; baseline -0.002 0"><span class='ocrx_word' id='word_1_72' title='bbox 267 1303 344 1350; x_wconf 69' lang='lat' dir='ltr'><strong>nt«.</strong></span> <span class='ocrx_word' id='word_1_73' title='bbox 357 1283 456 1347; x_wconf 85' lang='lat' dir='ltr'>Recte</span> <span class='ocrx_word' id='word_1_74' title='bbox 469 1279 594 1346; x_wconf 79' lang='lat' dir='ltr'>dixisti:</span> <span class='ocrx_word' id='word_1_75' title='bbox 616 1303 679 1344; x_wconf 91' lang='lat' dir='ltr'><strong>non</strong></span> <span class='ocrx_word' id='word_1_76' title='bbox 696 1282 811 1345; x_wconf 86' lang='lat' dir='ltr'><strong>robore</strong></span> <span class='ocrx_word' id='word_1_77' title='bbox 824 1283 987 1348; x_wconf 76' lang='lat' dir='ltr'><strong>vincendae</strong></span> <span class='ocrx_word' id='word_1_78' title='bbox 1001 1296 1075 1348; x_wconf 88' lang='lat' dir='ltr'><strong>suut</strong></span> 
     </span>
     <span class='ocr_line' id='line_1_14' title="bbox 354 1366 1222 1454; baseline 0.002 -21"><span class='ocrx_word' id='word_1_79' title='bbox 354 1367 521 1433; x_wconf 84' lang='lat' dir='ltr'><strong>Mulieres:</strong></span> <span class='ocrx_word' id='word_1_80' title='bbox 543 1366 698 1437; x_wconf 85' lang='lat' dir='ltr'><strong>abietibus</strong></span> <span class='ocrx_word' id='word_1_81' title='bbox 711 1390 785 1432; x_wconf 85' lang='lat' dir='ltr'><strong>vero</strong></span> <span class='ocrx_word' id='word_1_82' title='bbox 797 1391 902 1434; x_wconf 90' lang='lat' dir='ltr'><strong>meum</strong></span> <span class='ocrx_word' id='word_1_83' title='bbox 917 1369 1084 1434; x_wconf 74' lang='lat' dir='ltr'><strong>occultabo</strong></span> <span class='ocrx_word' id='word_1_84' title='bbox 1097 1390 1222 1454; x_wconf 83' lang='lat' dir='ltr'><strong>corpus.</strong></span> 
     </span>
     <span class='ocr_line' id='line_1_15' title="bbox 165 1452 1250 1540; baseline -0.004 -18"><span class='ocrx_word' id='word_1_85' title='bbox 165 1505 167 1510; x_wconf 87' lang='lat'>-</span> <span class='ocrx_word' id='word_1_86' title='bbox 267 1475 339 1522; x_wconf 75' lang='lat' dir='ltr'><strong>aec.</strong></span> <span class='ocrx_word' id='word_1_87' title='bbox 353 1453 569 1520; x_wconf 89' lang='lat' dir='ltr'><strong>Occultaberis</strong></span> <span class='ocrx_word' id='word_1_88' title='bbox 584 1469 617 1518; x_wconf 93' lang='lat' dir='ltr'><strong>tu</strong></span> <span class='ocrx_word' id='word_1_89' title='bbox 632 1452 851 1531; x_wconf 83' lang='lat' dir='ltr'><strong>occultatione,</strong></span> <span class='ocrx_word' id='word_1_90' title='bbox 867 1477 930 1540; x_wconf 89' lang='lat' dir='ltr'><strong>qua</strong></span> <span class='ocrx_word' id='word_1_91' title='bbox 943 1468 976 1520; x_wconf 90' lang='lat' dir='ltr'><strong>te</strong></span> <span class='ocrx_word' id='word_1_92' title='bbox 988 1455 1079 1520; x_wconf 88' lang='lat' dir='ltr'><strong>decet</strong></span> <span class='ocrx_word' id='word_1_93' title='bbox 1091 1456 1250 1532; x_wconf 82' lang='lat' dir='ltr'><strong>occultari,</strong></span> 
     </span>
     <span class='ocr_line' id='line_1_16' title="bbox 354 1539 1238 1626; baseline 0.003 -21"><span class='ocrx_word' id='word_1_94' title='bbox 354 1539 534 1606; x_wconf 85' lang='lat' dir='ltr'><strong>Profectum</strong></span> <span class='ocrx_word' id='word_1_95' title='bbox 550 1539 784 1604; x_wconf 82' lang='lat' dir='ltr'><strong>iraudulentum</strong></span> <span class='ocrx_word' id='word_1_96' title='bbox 800 1540 988 1606; x_wconf 76' lang='lat' dir='ltr'><strong>Maenadum</strong></span> <span class='ocrx_word' id='word_1_97' title='bbox 1002 1541 1238 1626; x_wconf 73' lang='lat' dir='ltr'><strong>speculatorem</strong></span> 
     </span>
     <span class='ocr_line' id='line_1_17' title="bbox 267 1626 975 1713; baseline -0.003 -19"><span class='ocrx_word' id='word_1_98' title='bbox 267 1648 343 1694; x_wconf 79' lang='lat' dir='ltr'><strong>rau.</strong></span> <span class='ocrx_word' id='word_1_99' title='bbox 355 1628 454 1713; x_wconf 82' lang='lat' dir='ltr'><strong>Atqui</strong></span> <span class='ocrx_word' id='word_1_100' title='bbox 468 1639 547 1711; x_wconf 92' lang='lat' dir='ltr'><strong>puto</strong></span> <span class='ocrx_word' id='word_1_101' title='bbox 561 1648 612 1690; x_wconf 87' lang='lat' dir='ltr'><strong>eas</strong></span> <span class='ocrx_word' id='word_1_102' title='bbox 626 1626 659 1690; x_wconf 90' lang='lat' dir='ltr'><strong>iu</strong></span> <span class='ocrx_word' id='word_1_103' title='bbox 674 1626 778 1712; x_wconf 81' lang='lat' dir='ltr'><strong>sylvis,</strong></span> <span class='ocrx_word' id='word_1_104' title='bbox 794 1627 879 1694; x_wconf 84' lang='lat' dir='ltr'><strong>velut</strong></span> <span class='ocrx_word' id='word_1_105' title='bbox 892 1649 975 1708; x_wconf 85' lang='lat' dir='ltr'><strong>aves,</strong></span> 
     </span>
     <span class='ocr_line' id='line_1_18' title="bbox 354 1711 1058 1800; baseline 0 -22"><span class='ocrx_word' id='word_1_106' title='bbox 354 1712 525 1778; x_wconf 84' lang='lat' dir='ltr'><strong>Lectorum</strong></span> <span class='ocrx_word' id='word_1_107' title='bbox 541 1711 673 1778; x_wconf 82' lang='lat' dir='ltr'><strong>detineri</strong></span> <span class='ocrx_word' id='word_1_108' title='bbox 684 1713 867 1798; x_wconf 80' lang='lat' dir='ltr'><strong>gratissimis</strong></span> <span class='ocrx_word' id='word_1_109' title='bbox 881 1714 913 1776; x_wconf 91' lang='lat' dir='ltr'><strong>in</strong></span> <span class='ocrx_word' id='word_1_110' title='bbox 930 1714 1058 1800; x_wconf 85' lang='lat' dir='ltr'><strong>laqueis.</strong></span> 
     </span>
     <span class='ocr_line' id='line_1_19' title="bbox 266 1797 1078 1886; baseline -0.005 -20"><span class='ocrx_word' id='word_1_111' title='bbox 266 1816 340 1866; x_wconf 75' lang='lat' dir='ltr'><strong>unc:</strong></span> <span class='ocrx_word' id='word_1_112' title='bbox 354 1799 442 1886; x_wconf 87' lang='lat' dir='ltr'><strong>Ergo</strong></span> <span class='ocrx_word' id='word_1_113' title='bbox 456 1799 496 1864; x_wconf 88' lang='lat' dir='ltr'><strong>ad</strong></span> <span class='ocrx_word' id='word_1_114' title='bbox 512 1797 573 1864; x_wconf 90' lang='lat' dir='ltr'><strong>hoc</strong></span> <span class='ocrx_word' id='word_1_115' title='bbox 586 1800 688 1884; x_wconf 89' lang='lat' dir='ltr'><strong>ipsum</strong></span> <span class='ocrx_word' id='word_1_116' title='bbox 703 1798 867 1864; x_wconf 84' lang='lat' dir='ltr'><strong>contendis</strong></span> <span class='ocrx_word' id='word_1_117' title='bbox 881 1799 1078 1883; x_wconf 86' lang='lat' dir='ltr'><strong>explorator:</strong></span> 
     </span>
     <span class='ocr_line' id='line_1_20' title="bbox 353 1883 1313 1971; baseline 0.002 -21"><span class='ocrx_word' id='word_1_118' title='bbox 353 1883 467 1970; x_wconf 76' lang='lat' dir='ltr'><strong>Capias</strong></span> <span class='ocrx_word' id='word_1_119' title='bbox 481 1898 584 1950; x_wconf 89' lang='lat' dir='ltr'><strong>autem</strong></span> <span class='ocrx_word' id='word_1_120' title='bbox 600 1907 653 1949; x_wconf 85' lang='lat' dir='ltr'><strong>eas</strong></span> <span class='ocrx_word' id='word_1_121' title='bbox 667 1884 812 1958; x_wconf 82' lang='lat' dir='ltr'><strong>fortassis,</strong></span> <span class='ocrx_word' id='word_1_122' title='bbox 828 1885 855 1950; x_wconf 89' lang='lat' dir='ltr'><strong>si</strong></span> <span class='ocrx_word' id='word_1_123' title='bbox 870 1900 904 1949; x_wconf 92' lang='lat' dir='ltr'><strong>tu</strong></span> <span class='ocrx_word' id='word_1_124' title='bbox 919 1907 984 1950; x_wconf 86' lang='lat' dir='ltr'><strong>non</strong></span> <span class='ocrx_word' id='word_1_125' title='bbox 998 1885 1086 1970; x_wconf 84' lang='lat' dir='ltr'><strong>prius</strong></span> <span class='ocrx_word' id='word_1_126' title='bbox 1100 1883 1197 1952; x_wconf 86' lang='lat' dir='ltr'><strong>fueris</strong></span> <span class='ocrx_word' id='word_1_127' title='bbox 1209 1897 1313 1971; x_wconf 69' lang='lat' dir='ltr'><strong>capim</strong></span> 
     </span>
     <span class='ocr_line' id='line_1_21' title="bbox 266 1969 1329 2056; baseline -0.004 -17"><span class='ocrx_word' id='word_1_128' title='bbox 266 1991 344 2039; x_wconf 73' lang='lat' dir='ltr'><strong>ren.</strong></span> <span class='ocrx_word' id='word_1_129' title='bbox 355 1970 471 2038; x_wconf 90' lang='lat' dir='ltr'><strong>Deduc</strong></span> <span class='ocrx_word' id='word_1_130' title='bbox 486 1993 536 2034; x_wconf 87' lang='lat' dir='ltr'><strong>me</strong></span> <span class='ocrx_word' id='word_1_131' title='bbox 551 1992 607 2056; x_wconf 89' lang='lat' dir='ltr'><strong>per</strong></span> <span class='ocrx_word' id='word_1_132' title='bbox 621 1969 755 2034; x_wconf 90' lang='lat' dir='ltr'><strong>mediam</strong></span> <span class='ocrx_word' id='word_1_133' title='bbox 772 1971 957 2036; x_wconf 86' lang='lat' dir='ltr'><strong>Thebanam</strong></span> <span class='ocrx_word' id='word_1_134' title='bbox 973 1985 1107 2036; x_wconf 85' lang='lat' dir='ltr'><strong>terram:</strong></span> <span class='ocrx_word' id='word_1_135' title='bbox 1278 1975 1329 2035; x_wconf 75' lang='grc'><strong>900</strong></span> 
     </span>
     <span class='ocr_line' id='line_1_22' title="bbox 353 2051 1404 2140; baseline 0 -16"><span class='ocrx_word' id='word_1_136' title='bbox 353 2056 445 2124; x_wconf 83' lang='lat' dir='ltr'><strong>Solus</strong></span> <span class='ocrx_word' id='word_1_137' title='bbox 457 2058 541 2122; x_wconf 92' lang='lat' dir='ltr'><strong>euim</strong></span> <span class='ocrx_word' id='word_1_138' title='bbox 556 2078 597 2121; x_wconf 87' lang='lat' dir='ltr'><strong>ex</strong></span> <span class='ocrx_word' id='word_1_139' title='bbox 614 2057 688 2140; x_wconf 88' lang='lat' dir='ltr'><strong>ipsis</strong></span> <span class='ocrx_word' id='word_1_140' title='bbox 708 2057 859 2122; x_wconf 68' lang='lat' dir='ltr'><strong>maana</strong></span> <span class='ocrx_word' id='word_1_141' title='bbox 872 2079 941 2122; x_wconf 89' lang='lat' dir='ltr'><strong>sum</strong></span> <span class='ocrx_word' id='word_1_142' title='bbox 956 2058 1003 2121; x_wconf 83' lang='lat' dir='ltr'><strong>vir</strong></span> <span class='ocrx_word' id='word_1_143' title='bbox 1019 2059 1080 2123; x_wconf 82' lang='lat' dir='ltr'><strong>ltoc</strong></span> <span class='ocrx_word' id='word_1_144' title='bbox 1092 2057 1221 2124; x_wconf 81' lang='lat' dir='ltr'><strong>audeus.</strong></span> <span class='ocrx_word' id='word_1_145' title='bbox 1403 2051 1404 2078; x_wconf 59' lang='lat'>¹</span> 
     </span>
     <span class='ocr_line' id='line_1_23' title="bbox 265 2139 1049 2229; baseline -0.006 -17"><span class='ocrx_word' id='word_1_146' title='bbox 265 2163 342 2212; x_wconf 71' lang='lat' dir='ltr'><strong>nac.</strong></span> <span class='ocrx_word' id='word_1_147' title='bbox 356 2142 450 2210; x_wconf 87' lang='lat' dir='ltr'><strong>Solus</strong></span> <span class='ocrx_word' id='word_1_148' title='bbox 463 2159 497 2208; x_wconf 94' lang='lat' dir='ltr'><strong>tu</strong></span> <span class='ocrx_word' id='word_1_149' title='bbox 512 2164 572 2229; x_wconf 92' lang='lat' dir='ltr'><strong>pro</strong></span> <span class='ocrx_word' id='word_1_150' title='bbox 586 2139 646 2206; x_wconf 90' lang='lat' dir='ltr'><strong>hac</strong></span> <span class='ocrx_word' id='word_1_151' title='bbox 660 2143 785 2208; x_wconf 87' lang='lat' dir='ltr'><strong>civitate</strong></span> <span class='ocrx_word' id='word_1_152' title='bbox 800 2142 932 2220; x_wconf 83' lang='lat' dir='ltr'><strong>laboras,</strong></span> <span class='ocrx_word' id='word_1_153' title='bbox 947 2142 1049 2208; x_wconf 87' lang='lat' dir='ltr'><strong>solus:</strong></span> 
     </span>
     <span class='ocr_line' id='line_1_24' title="bbox 353 2228 1116 2329; baseline 0 -35"><span class='ocrx_word' id='word_1_154' title='bbox 353 2229 465 2315; x_wconf 87' lang='lat' dir='ltr'><strong>Itaque</strong></span> <span class='ocrx_word' id='word_1_155' title='bbox 478 2244 607 2294; x_wconf 88' lang='lat' dir='ltr'><strong>manent</strong></span> <span class='ocrx_word' id='word_1_156' title='bbox 621 2241 652 2294; x_wconf 85' lang='lat' dir='ltr'><strong>ta</strong></span> <span class='ocrx_word' id='word_1_157' title='bbox 667 2230 847 2306; x_wconf 84' lang='lat' dir='ltr'><strong>certamina,</strong></span> <span class='ocrx_word' id='word_1_158' title='bbox 863 2228 967 2329; x_wconf 84' lang='lat' dir='ltr'><strong>qualia</strong></span> <span class='ocrx_word' id='word_1_159' title='bbox 980 2241 1116 2314; x_wconf 79' lang='lat' dir='ltr'><strong>oportet.</strong></span> 
     </span>
     <span class='ocr_line' id='line_1_25' title="bbox 353 2314 1246 2468; baseline 0 -88"><span class='ocrx_word' id='word_1_160' title='bbox 353 2316 490 2468; x_wconf 66' lang='lat' dir='ltr'><strong>1sepnere</strong></span> <span class='ocrx_word' id='word_1_161' title='bbox 503 2314 822 2466; x_wconf 49' lang='lat' dir='ltr'><strong>taussgmoetdtzduptor</strong></span> <span class='ocrx_word' id='word_1_162' title='bbox 835 2337 919 2380; x_wconf 84' lang='lat' dir='ltr'><strong>euim</strong></span> <span class='ocrx_word' id='word_1_163' title='bbox 936 2337 995 2466; x_wconf 61' lang='lat' dir='ltr'><strong>⁰⁸ss</strong></span> <span class='ocrx_word' id='word_1_164' title='bbox 1009 2338 1080 2380; x_wconf 89' lang='lat' dir='ltr'><strong>sum</strong></span> <span class='ocrx_word' id='word_1_165' title='bbox 1093 2315 1246 2468; x_wconf 56' lang='lat' dir='ltr'><strong>satlptpru.</strong></span> 
     </span>
     <span class='ocr_line' id='line_1_26' title="bbox 370 2421 1168 2467; baseline 0.001 -1"><span class='ocrx_word' id='word_1_166' title='bbox 370 2423 521 2466; x_wconf 83' lang='lat' dir='ltr'><strong>nevero</strong></span> <span class='ocrx_word' id='word_1_167' title='bbox 534 2423 555 2465; x_wconf 87' lang='lat' dir='ltr'><strong>a</strong></span> <span class='ocrx_word' id='word_1_168' title='bbox 600 2424 619 2465; x_wconf 92' lang='lat' dir='ltr'><strong>u</strong></span> <span class='ocrx_word' id='word_1_169' title='bbox 728 2424 817 2466; x_wconf 83' lang='lat' dir='ltr'><strong>atus.</strong></span> <span class='ocrx_word' id='word_1_170' title='bbox 860 2421 940 2466; x_wconf 80' lang='lat' dir='ltr'><strong>ran.</strong></span> <span class='ocrx_word' id='word_1_171' title='bbox 998 2425 1052 2467; x_wconf 91' lang='lat' dir='ltr'><strong>um</strong></span> <span class='ocrx_word' id='word_1_172' title='bbox 1068 2423 1120 2467; x_wconf 89' lang='lat' dir='ltr'><strong>ma</strong></span> <span class='ocrx_word' id='word_1_173' title='bbox 1152 2425 1168 2466; x_wconf 92' lang='lat' dir='ltr'><strong>r</strong></span> 
     </span>
     <span class='ocr_line' id='line_1_27' title="bbox 266 2486 1137 2573; baseline -0.002 -19"><span class='ocrx_word' id='word_1_174' title='bbox 266 2509 341 2556; x_wconf 80' lang='lat' dir='ltr'><strong>asc.</strong></span> <span class='ocrx_word' id='word_1_175' title='bbox 354 2487 568 2573; x_wconf 84' lang='lat' dir='ltr'><strong>Conspicuam</strong></span> <span class='ocrx_word' id='word_1_176' title='bbox 584 2486 740 2552; x_wconf 85' lang='lat' dir='ltr'><strong>omnibus.</strong></span> <span class='ocrx_word' id='word_1_177' title='bbox 784 2507 863 2552; x_wconf 81' lang='lat' dir='ltr'><strong>nou.</strong></span> <span class='ocrx_word' id='word_1_178' title='bbox 886 2487 939 2552; x_wconf 82' lang='lat' dir='ltr'><strong>Ad</strong></span> <span class='ocrx_word' id='word_1_179' title='bbox 951 2487 1013 2552; x_wconf 89' lang='lat' dir='ltr'><strong>boc</strong></span> <span class='ocrx_word' id='word_1_180' title='bbox 1027 2510 1137 2572; x_wconf 78' lang='lat' dir='ltr'><strong>pergo.</strong></span> 
     </span>
     <span class='ocr_line' id='line_1_28' title="bbox 266 2572 1180 2662; baseline 0 -22"><span class='ocrx_word' id='word_1_181' title='bbox 266 2595 339 2642; x_wconf 80' lang='lat' dir='ltr'><strong>nac.</strong></span> <span class='ocrx_word' id='word_1_182' title='bbox 356 2575 482 2640; x_wconf 81' lang='lat' dir='ltr'><strong>Redibis</strong></span> <span class='ocrx_word' id='word_1_183' title='bbox 496 2585 643 2662; x_wconf 80' lang='lat' dir='ltr'><strong>gestatus.</strong></span> <span class='ocrx_word' id='word_1_184' title='bbox 687 2593 763 2638; x_wconf 74' lang='lat' dir='ltr'><strong>esu.</strong></span> <span class='ocrx_word' id='word_1_185' title='bbox 788 2572 895 2638; x_wconf 90' lang='lat' dir='ltr'><strong>Meam</strong></span> <span class='ocrx_word' id='word_1_186' title='bbox 911 2572 1074 2638; x_wconf 90' lang='lat' dir='ltr'><strong>mollitiem</strong></span> <span class='ocrx_word' id='word_1_187' title='bbox 1089 2573 1180 2640; x_wconf 86' lang='lat' dir='ltr'><strong>dicis.</strong></span> 
     </span>
     <span class='ocr_line' id='line_1_29' title="bbox 266 2657 1313 2748; baseline -0.003 -23"><span class='ocrx_word' id='word_1_188' title='bbox 266 2680 339 2728; x_wconf 79' lang='lat' dir='ltr'><strong>sac.</strong></span> <span class='ocrx_word' id='word_1_189' title='bbox 353 2661 392 2727; x_wconf 91' lang='lat' dir='ltr'><strong>ln</strong></span> <span class='ocrx_word' id='word_1_190' title='bbox 407 2661 552 2724; x_wconf 90' lang='lat' dir='ltr'><strong>manibus</strong></span> <span class='ocrx_word' id='word_1_191' title='bbox 568 2660 686 2724; x_wconf 85' lang='lat' dir='ltr'><strong>matris.</strong></span> <span class='ocrx_word' id='word_1_192' title='bbox 730 2679 807 2723; x_wconf 77' lang='lat' dir='ltr'><strong>ren.</strong></span> <span class='ocrx_word' id='word_1_193' title='bbox 832 2659 975 2748; x_wconf 87' lang='lat' dir='ltr'><strong>Cogetne</strong></span> <span class='ocrx_word' id='word_1_194' title='bbox 990 2661 1086 2748; x_wconf 77' lang='lat' dir='ltr'><strong>igitur</strong></span> <span class='ocrx_word' id='word_1_195' title='bbox 1100 2683 1151 2726; x_wconf 90' lang='lat' dir='ltr'><strong>me</strong></span> <span class='ocrx_word' id='word_1_196' title='bbox 1164 2657 1313 2726; x_wconf 77' lang='lat' dir='ltr'><strong>deliciari?</strong></span> 
     </span>
     <span class='ocr_line' id='line_1_30' title="bbox 267 2745 1332 2898; baseline -0.003 -84"><span class='ocrx_word' id='word_1_197' title='bbox 267 2769 339 2814; x_wconf 76' lang='lat' dir='ltr'><strong>asc.</strong></span> <span class='ocrx_word' id='word_1_198' title='bbox 352 2746 515 2898; x_wconf 75' lang='lat' dir='ltr'><strong>&#39;l&#39;alibused</strong></span> <span class='ocrx_word' id='word_1_199' title='bbox 507 2746 633 2832; x_wconf 88' lang='lat' dir='ltr'><strong>quidem</strong></span> <span class='ocrx_word' id='word_1_200' title='bbox 653 2745 781 2810; x_wconf 86' lang='lat' dir='ltr'><strong>deliciis.</strong></span> <span class='ocrx_word' id='word_1_201' title='bbox 825 2765 907 2812; x_wconf 75' lang='lat' dir='ltr'><strong>ran.</strong></span> <span class='ocrx_word' id='word_1_202' title='bbox 930 2746 1055 2834; x_wconf 77' lang='lat' dir='ltr'><strong>Dignus</strong></span> <span class='ocrx_word' id='word_1_203' title='bbox 1076 2747 1203 2832; x_wconf 86' lang='lat' dir='ltr'><strong>quidem</strong></span> <span class='ocrx_word' id='word_1_204' title='bbox 1222 2765 1269 2812; x_wconf 84' lang='lat' dir='ltr'><strong>ret</strong></span> <span class='ocrx_word' id='word_1_205' title='bbox 1285 2765 1332 2831; x_wconf 71' lang='lat' dir='ltr'><strong>eg·</strong></span> 
     </span>
     <span class='ocr_line' id='line_1_31' title="bbox 519 2855 576 2898; baseline 0 0"><span class='ocrx_word' id='word_1_206' title='bbox 519 2855 576 2898; x_wconf 87' lang='lat' dir='ltr'><strong>mr.</strong></span> 
     </span>
     <span class='ocr_line' id='line_1_32' title="bbox 265 2855 1333 2999; baseline -0.007 -11"><span class='ocrx_word' id='word_1_207' title='bbox 265 2942 340 2988; x_wconf 77' lang='lat' dir='ltr'><strong>sac.</strong></span> <span class='ocrx_word' id='word_1_208' title='bbox 353 2855 498 2986; x_wconf 55' lang='lat' dir='ltr'><strong>Dirudrea</strong></span> <span class='ocrx_word' id='word_1_209' title='bbox 514 2935 559 2996; x_wconf 90' lang='lat' dir='ltr'><strong>tu,</strong></span> <span class='ocrx_word' id='word_1_210' title='bbox 575 2918 672 2995; x_wconf 82' lang='lat' dir='ltr'><strong>dirus,</strong></span> <span class='ocrx_word' id='word_1_211' title='bbox 682 2929 714 2982; x_wconf 91' lang='lat' dir='ltr'><strong>et</strong></span> <span class='ocrx_word' id='word_1_212' title='bbox 728 2917 769 2984; x_wconf 92' lang='lat' dir='ltr'><strong>ad</strong></span> <span class='ocrx_word' id='word_1_213' title='bbox 783 2917 867 2984; x_wconf 84' lang='lat' dir='ltr'><strong>diras</strong></span> <span class='ocrx_word' id='word_1_214' title='bbox 881 2916 1005 2984; x_wconf 84' lang='lat' dir='ltr'><strong>festinas</strong></span> <span class='ocrx_word' id='word_1_215' title='bbox 1019 2919 1137 2999; x_wconf 81' lang='lat' dir='ltr'><strong>clades,</strong></span> <span class='ocrx_word' id='word_1_216' title='bbox 1279 2923 1333 2982; x_wconf 79' lang='grc'><strong>990</strong></span> 
     </span>
     <span class='ocr_line' id='line_1_33' title="bbox 352 3005 1068 3093; baseline -0.001 -21"><span class='ocrx_word' id='word_1_217' title='bbox 352 3007 462 3093; x_wconf 84' lang='lat' dir='ltr'><strong>ltaque</strong></span> <span class='ocrx_word' id='word_1_218' title='bbox 477 3005 614 3070; x_wconf 83' lang='lat' dir='ltr'><strong>invenies</strong></span> <span class='ocrx_word' id='word_1_219' title='bbox 628 3005 760 3093; x_wconf 82' lang='lat' dir='ltr'><strong>gloriam</strong></span> <span class='ocrx_word' id='word_1_220' title='bbox 776 3005 962 3070; x_wconf 87' lang='lat' dir='ltr'><strong>innitentem</strong></span> <span class='ocrx_word' id='word_1_221' title='bbox 975 3006 1068 3072; x_wconf 87' lang='lat' dir='ltr'><strong>coelo.</strong></span> 
     </span>
     <span class='ocr_line' id='line_1_34' title="bbox 354 3091 1118 3179; baseline 0 -21"><span class='ocrx_word' id='word_1_222' title='bbox 354 3091 512 3166; x_wconf 85' lang='lat' dir='ltr'><strong>Extende,</strong></span> <span class='ocrx_word' id='word_1_223' title='bbox 530 3093 651 3179; x_wconf 83' lang='lat' dir='ltr'><strong>Agaue,</strong></span> <span class='ocrx_word' id='word_1_224' title='bbox 667 3113 789 3168; x_wconf 84' lang='lat' dir='ltr'><strong>manus,</strong></span> <span class='ocrx_word' id='word_1_225' title='bbox 804 3106 836 3155; x_wconf 89' lang='lat' dir='ltr'><strong>et</strong></span> <span class='ocrx_word' id='word_1_226' title='bbox 851 3093 980 3178; x_wconf 80' lang='lat' dir='ltr'><strong>reliquae</strong></span> <span class='ocrx_word' id='word_1_227' title='bbox 994 3115 1118 3158; x_wconf 82' lang='lat' dir='ltr'><strong>sorores</strong></span> 
     </span>
     <span class='ocr_line' id='line_1_35' title="bbox 354 3177 840 3263; baseline -0.004 -19"><span class='ocrx_word' id='word_1_228' title='bbox 354 3178 469 3244; x_wconf 88' lang='lat' dir='ltr'><strong>Cadmi</strong></span> <span class='ocrx_word' id='word_1_229' title='bbox 484 3177 576 3242; x_wconf 73' lang='lat' dir='ltr'><strong>filiae:</strong></span> <span class='ocrx_word' id='word_1_230' title='bbox 599 3179 682 3242; x_wconf 87' lang='lat' dir='ltr'><strong>duco</strong></span> <span class='ocrx_word' id='word_1_231' title='bbox 692 3178 840 3263; x_wconf 88' lang='lat' dir='ltr'><strong>juvenem</strong></span> 
     </span>
     <span class='ocr_line' id='line_1_36' title="bbox 354 3264 1100 3351; baseline 0 -21"><span class='ocrx_word' id='word_1_232' title='bbox 354 3265 506 3330; x_wconf 87' lang='lat' dir='ltr'><strong>Huncin</strong></span> <span class='ocrx_word' id='word_1_233' title='bbox 519 3285 668 3351; x_wconf 75' lang='lat' dir='ltr'><strong>maguum</strong></span> <span class='ocrx_word' id='word_1_234' title='bbox 683 3276 858 3330; x_wconf 86' lang='lat' dir='ltr'><strong>certamen:</strong></span> <span class='ocrx_word' id='word_1_235' title='bbox 881 3264 981 3330; x_wconf 85' lang='lat' dir='ltr'><strong>victor</strong></span> <span class='ocrx_word' id='word_1_236' title='bbox 995 3277 1100 3330; x_wconf 86' lang='lat' dir='ltr'><strong>autem</strong></span> 
     </span>
     <span class='ocr_line' id='line_1_37' title="bbox 353 3349 1196 3434; baseline 0.002 -18"><span class='ocrx_word' id='word_1_237' title='bbox 353 3351 396 3416; x_wconf 88' lang='lat' dir='ltr'><strong>Et</strong></span> <span class='ocrx_word' id='word_1_238' title='bbox 411 3349 559 3416; x_wconf 86' lang='lat' dir='ltr'><strong>Bromius</strong></span> <span class='ocrx_word' id='word_1_239' title='bbox 573 3351 651 3416; x_wconf 86' lang='lat' dir='ltr'><strong>erit:</strong></span> <span class='ocrx_word' id='word_1_240' title='bbox 674 3365 788 3416; x_wconf 86' lang='lat' dir='ltr'><strong>caetera</strong></span> <span class='ocrx_word' id='word_1_241' title='bbox 802 3370 877 3414; x_wconf 85' lang='lat' dir='ltr'><strong>vero</strong></span> <span class='ocrx_word' id='word_1_242' title='bbox 890 3371 938 3415; x_wconf 83' lang='lat' dir='ltr'><strong>res</strong></span> <span class='ocrx_word' id='word_1_243' title='bbox 952 3350 1020 3434; x_wconf 82' lang='lat' dir='ltr'><strong>ipsa</strong></span> <span class='ocrx_word' id='word_1_244' title='bbox 1034 3351 1139 3418; x_wconf 86' lang='lat' dir='ltr'><strong>iudica</strong></span> <span class='ocrx_word' id='word_1_245' title='bbox 1162 3352 1196 3418; x_wconf 86' lang='lat' dir='ltr'><strong>it.</strong></span> 
     </span>
     <span class='ocr_line' id='line_1_38' title="bbox 266 3433 1335 3524; baseline 0 -20"><span class='ocrx_word' id='word_1_246' title='bbox 266 3457 342 3504; x_wconf 84' lang='lat' dir='ltr'><strong>cuo.</strong></span> <span class='ocrx_word' id='word_1_247' title='bbox 353 3437 412 3516; x_wconf 89' lang='lat' dir='ltr'><strong>Ite,</strong></span> <span class='ocrx_word' id='word_1_248' title='bbox 427 3436 543 3503; x_wconf 87' lang='lat' dir='ltr'><strong>coleres</strong></span> <span class='ocrx_word' id='word_1_249' title='bbox 557 3435 670 3501; x_wconf 84' lang='lat' dir='ltr'><strong>luroris</strong></span> <span class='ocrx_word' id='word_1_250' title='bbox 684 3458 788 3510; x_wconf 84' lang='lat' dir='ltr'><strong>canes,</strong></span> <span class='ocrx_word' id='word_1_251' title='bbox 805 3437 847 3500; x_wconf 90' lang='lat' dir='ltr'><strong>ite</strong></span> <span class='ocrx_word' id='word_1_252' title='bbox 863 3435 895 3499; x_wconf 92' lang='lat' dir='ltr'><strong>in</strong></span> <span class='ocrx_word' id='word_1_253' title='bbox 910 3451 1060 3516; x_wconf 79' lang='lat' dir='ltr'><strong>montem,</strong></span> <span class='ocrx_word' id='word_1_254' title='bbox 1197 3433 1335 3524; x_wconf 60' lang='lat' dir='ltr'><strong>(strepis)</strong></span> 
     </span>
     <span class='ocr_line' id='line_1_39' title="bbox 355 3521 929 3598; baseline -0.003 -8"><span class='ocrx_word' id='word_1_255' title='bbox 355 3525 418 3590; x_wconf 93' lang='lat' dir='ltr'><strong>Ubi</strong></span> <span class='ocrx_word' id='word_1_256' title='bbox 434 3522 547 3589; x_wconf 87' lang='lat' dir='ltr'><strong>Cadmi</strong></span> <span class='ocrx_word' id='word_1_257' title='bbox 563 3522 636 3586; x_wconf 81' lang='lat' dir='ltr'><strong>lilioe</strong></span> <span class='ocrx_word' id='word_1_258' title='bbox 651 3523 787 3588; x_wconf 84' lang='lat' dir='ltr'><strong>tltiasum</strong></span> <span class='ocrx_word' id='word_1_259' title='bbox 801 3521 929 3598; x_wconf 85' lang='lat' dir='ltr'><strong>babent,</strong></span> 
     </span>
     <span class='ocr_line' id='line_1_40' title="bbox 353 3608 755 3695; baseline -0.012 -18"><span class='ocrx_word' id='word_1_260' title='bbox 353 3611 468 3677; x_wconf 82' lang='lat' dir='ltr'><strong>OEstro</strong></span> <span class='ocrx_word' id='word_1_261' title='bbox 484 3611 581 3695; x_wconf 83' lang='lat' dir='ltr'><strong>ipsam</strong></span> <span class='ocrx_word' id='word_1_262' title='bbox 597 3608 755 3674; x_wconf 83' lang='lat' dir='ltr'><strong>stimulate</strong></span> 
     </span>
     <span class='ocr_line' id='line_1_41' title="bbox 353 3694 1074 3764; baseline -0.006 0"><span class='ocrx_word' id='word_1_263' title='bbox 353 3697 514 3764; x_wconf 84' lang='lat' dir='ltr'><strong>Adversus</strong></span> <span class='ocrx_word' id='word_1_264' title='bbox 527 3697 622 3761; x_wconf 88' lang='lat' dir='ltr'><strong>istum</strong></span> <span class='ocrx_word' id='word_1_265' title='bbox 637 3709 752 3760; x_wconf 85' lang='lat' dir='ltr'><strong>ornatu</strong></span> <span class='ocrx_word' id='word_1_266' title='bbox 768 3694 913 3758; x_wconf 90' lang='lat' dir='ltr'><strong>muliebri</strong></span> <span class='ocrx_word' id='word_1_267' title='bbox 929 3694 1074 3760; x_wconf 86' lang='lat' dir='ltr'><strong>restitum</strong></span> 
     </span>
     <span class='ocr_line' id='line_1_42' title="bbox 353 3779 1338 3868; baseline -0.003 -19"><span class='ocrx_word' id='word_1_268' title='bbox 353 3792 372 3828; x_wconf 78' lang='lat'><em>*</em></span> <span class='ocrx_word' id='word_1_269' title='bbox 388 3788 407 3824; x_wconf 79' lang='lat'><em>*</em></span> <span class='ocrx_word' id='word_1_270' title='bbox 425 3782 660 3868; x_wconf 86' lang='lat' dir='ltr'><strong>Speculatorem</strong></span> <span class='ocrx_word' id='word_1_271' title='bbox 677 3781 836 3846; x_wconf 89' lang='lat' dir='ltr'><strong>rabiosum</strong></span> <span class='ocrx_word' id='word_1_272' title='bbox 854 3779 1053 3846; x_wconf 85' lang='lat' dir='ltr'><strong>Maenadum.</strong></span> <span class='ocrx_word' id='word_1_273' title='bbox 1285 3785 1338 3846; x_wconf 78' lang='lat' dir='ltr'><strong>stt</strong></span> 
     </span>
     <span class='ocr_line' id='line_1_43' title="bbox 353 3867 917 3954; baseline -0.004 -20"><span class='ocrx_word' id='word_1_274' title='bbox 353 3867 461 3934; x_wconf 87' lang='lat' dir='ltr'><strong>Mater</strong></span> <span class='ocrx_word' id='word_1_275' title='bbox 474 3869 611 3954; x_wconf 86' lang='lat' dir='ltr'><strong>primum</strong></span> <span class='ocrx_word' id='word_1_276' title='bbox 627 3869 694 3953; x_wconf 87' lang='lat' dir='ltr'><strong>ipsa</strong></span> <span class='ocrx_word' id='word_1_277' title='bbox 708 3890 728 3932; x_wconf 92' lang='lat' dir='ltr'><strong>a</strong></span> <span class='ocrx_word' id='word_1_278' title='bbox 741 3867 813 3932; x_wconf 79' lang='lat' dir='ltr'><strong>laevi</strong></span> <span class='ocrx_word' id='word_1_279' title='bbox 827 3879 917 3953; x_wconf 78' lang='lat' dir='ltr'><strong>petra</strong></span> 
     </span>
     <span class='ocr_line' id='line_1_44' title="bbox 354 3953 812 4041; baseline -0.002 -20"><span class='ocrx_word' id='word_1_280' title='bbox 354 3955 421 4021; x_wconf 87' lang='lat' dir='ltr'><strong>Aut</strong></span> <span class='ocrx_word' id='word_1_281' title='bbox 435 3957 474 4020; x_wconf 85' lang='lat' dir='ltr'><strong>ob</strong></span> <span class='ocrx_word' id='word_1_282' title='bbox 489 3956 592 4041; x_wconf 83' lang='lat' dir='ltr'><strong>aliquo</strong></span> <span class='ocrx_word' id='word_1_283' title='bbox 608 3953 680 4039; x_wconf 87' lang='lat' dir='ltr'><strong>palo</strong></span> <span class='ocrx_word' id='word_1_284' title='bbox 694 3953 812 4020; x_wconf 87' lang='lat' dir='ltr'><strong>videbit</strong></span> 
     </span>
     <span class='ocr_line' id='line_1_45' title="bbox 353 4033 1174 4122; baseline 0.002 -18"><span class='ocrx_word' id='word_1_285' title='bbox 353 4041 591 4122; x_wconf 77' lang='lat' dir='ltr'><strong>speculantem:</strong></span> <span class='ocrx_word' id='word_1_286' title='bbox 618 4039 821 4106; x_wconf 73' lang='lat' dir='ltr'><strong>Maenadibus</strong></span> <span class='ocrx_word' id='word_1_287' title='bbox 834 4052 940 4106; x_wconf 89' lang='lat' dir='ltr'><strong>autem</strong></span> <span class='ocrx_word' id='word_1_288' title='bbox 955 4039 1145 4108; x_wconf 78' lang='lat' dir='ltr'><strong>exclamabit</strong></span> <span class='ocrx_word' id='word_1_289' title='bbox 1155 4033 1174 4106; x_wconf 83' lang='lat'><strong>:&#39;</strong></span> 
     </span>
     <span class='ocr_line' id='line_1_46' title="bbox 352 4125 1273 4218; baseline -0.003 -26"><span class='ocrx_word' id='word_1_290' title='bbox 352 4125 507 4202; x_wconf 83' lang='lat' dir='ltr'><strong>Quisnam</strong></span> <span class='ocrx_word' id='word_1_291' title='bbox 524 4127 575 4192; x_wconf 88' lang='lat' dir='ltr'><strong>hic</strong></span> <span class='ocrx_word' id='word_1_292' title='bbox 589 4149 630 4192; x_wconf 85' lang='lat' dir='ltr'><strong>ex</strong></span> <span class='ocrx_word' id='word_1_293' title='bbox 645 4126 791 4192; x_wconf 89' lang='lat' dir='ltr'><strong>Cadmeis</strong></span> <span class='ocrx_word' id='word_1_294' title='bbox 804 4127 914 4192; x_wconf 83' lang='lat' dir='ltr'><strong>investi</strong></span> <span class='ocrx_word' id='word_1_295' title='bbox 957 4141 1009 4194; x_wconf 90' lang='lat' dir='ltr'><strong>tor</strong></span> <span class='ocrx_word' id='word_1_296' title='bbox 1022 4130 1273 4218; x_wconf 71' lang='lat' dir='ltr'><strong>montivagonuu</strong></span> 
     </span>
     <span class='ocr_line' id='line_1_47' title="bbox 353 4150 1087 4292; baseline 0.004 -16"><span class='ocrx_word' id='word_1_297' title='bbox 353 4211 390 4276; x_wconf 91' lang='lat' dir='ltr'><strong>ln</strong></span> <span class='ocrx_word' id='word_1_298' title='bbox 408 4229 546 4278; x_wconf 85' lang='lat' dir='ltr'><strong>montem</strong></span> <span class='ocrx_word' id='word_1_299' title='bbox 561 4213 593 4278; x_wconf 89' lang='lat' dir='ltr'><strong>in</strong></span> <span class='ocrx_word' id='word_1_300' title='bbox 610 4229 748 4280; x_wconf 85' lang='lat' dir='ltr'><strong>montem</strong></span> <span class='ocrx_word' id='word_1_301' title='bbox 765 4213 860 4292; x_wconf 81' lang='lat' dir='ltr'><strong>venit,</strong></span> <span class='ocrx_word' id='word_1_302' title='bbox 877 4150 1087 4280; x_wconf 48' lang='lat' dir='ltr'><strong>Offiaccbae?</strong></span> 
     </span>
    </p>
   </div>
   <div class='ocr_carea' id='block_1_3' title="bbox 0 0 1430 4862">
    <p class='ocr_par' dir='ltr' id='par_1_3' title="bbox 0 0 1430 4862">
     <span class='ocr_line' id='line_1_48' title="bbox 0 0 1430 4862; baseline 0 0"><span class='ocrx_word' id='word_1_303' title='bbox 0 0 1430 4862; x_wconf 95' lang='lat' dir='ltr'><strong> </strong></span> 
     </span>
    </p>
   </div>
  </div>
 </body>
</html>
