2852 4862
458 235 757 306 Tuosnns
1088 243 1151 302 sts

153 419 216 486 Per
229 419 293 482 vim
306 427 412 482 autem
428 415 480 480 bic
492 435 592 480 nonas
607 415 738 480 maritus
752 436 803 480 me
816 413 943 499 rapiens
1088 423 1153 482 950

151 503 342 590 Deiphobus
356 524 487 568 uxorem
502 501 612 567 habuit
626 501 731 566 inritis
747 500 834 588 Phry
858 501 937 566 'bus

153 588 327 670 Quomodo
340 583 447 678 ignat
452 589 579 666 moriar,
596 587 629 654 0
643 587 766 667 manta,
845 591 899 670 ita,

152 681 181 744 A
197 693 228 743 te
237 679 331 764 juste,
370 697 443 742 uam
456 674 509 740 hic
524 697 580 760 per
594 675 658 739 vim
672 673 779 756 duxit,

153 763 214 830 Illa
227 785 303 829 vero
316 787 335 828 e
348 699 456 838 domo,
471 782 532 846 pro
545 761 686 826 simoniae
700 761 839 846 praemiis

153 849 354 915 venumdata
367 847 488 914 servivi.
534 847 569 914 Si
582 867 657 911 vero
670 848 746 912 deos
759 847 885 912 vincere

154 935 221 1014 Vis,
237 936 370 1000 honesta
384 933 556 999 admodum
571 931 633 998 hoc
647 935 777 998 stultam
791 946 845 999 est.

81 1021 184 1089 csaO
198 1023 318 1111 regina,
332 1019 466 1086 deiende
478 1033 550 1084 tuos
563 1019 689 1097 liberos,
704 1033 737 1084 et
750 1021 895 1104 patriam,

155 1107 265 1196 Hujus
278 1107 456 1174 facundiam
471 1105 620 1186 relirtans,
633 1103 712 1170 dicit
724 1107 810 1170 enim

155 1194 323 1272 Proeclare,
338 1215 411 1258 cum
426 1191 568 1258 malefica
582 1195 640 1257 site
664 1191 724 1257 boc
739 1205 845 1258 autem
859 1203 903 1257 est
918 1192 1137 1278 perniciosum.

80 1281 432 1368 sueltabusprimum
446 1278 681 1365 patrocinabor,
1087 1288 1151 1346 960

156 1367 198 1433 Et
211 1367 374 1434 osterrdam
389 1366 473 1432 hanc
486 1387 550 1430 non
566 1365 670 1429 dicere
679 1365 774 1450 justa

154 1453 226 1542 Ego
239 1455 323 1519 enim
338 1454 498 1519 lunonem
513 1463 546 1516 et
562 1449 722 1518 Palladem
737 1451 891 1540 virginem

156 1540 228 1606 Non
243 1563 283 1604 eo
297 1538 467 1604 dementire
481 1538 600 1602 venisse
615 1550 703 1622 puto,

155 1625 202 1693 Ut
215 1625 286 1692 haec
300 1625 428 1712 quidem
445 1626 549 1712 Argos
563 1623 704 1688 barbaris
718 1623 903 1701 vendiderit,

157 1712 261 1778 Pallas
276 1735 351 1777 vero
366 1710 506 1776 Athenas
523 1709 570 1775 Ph
634 1711 702 1774 'bus
716 1709 831 1776 servire
844 1729 995 1795 unquam,

155 1797 239 1876 Quae
253 1820 311 1884 per
325 1798 445 1874 ludum,
460 1809 492 1862 et
504 1817 563 1882 per
574 1732 705 1861 delicias
719 1795 760 1861 de
773 1795 883 1860 formae
885 1795 1003 1948 Ipplnaa

156 1885 311 1950 Veneriat
323 1883 365 1949 ad
381 1883 488 1948 Idam:
511 1884 599 1970 cujus
613 1902 697 1948 enim
712 1883 764 1947 rei.
827 1883 871 1947 tie
938 1905 957 1948 a

155 1972 242 2038 Juao
255 1986 379 2038 tantum
394 1969 554 2034 habuisset
567 1968 757 2035 desiderium
804 1973 904 2033 rmaei

157 2063 209 2124 An
225 2073 261 2124 ut
275 2057 524 2144 praestantiorem
540 2055 619 2121 Jove
632 2055 790 2140 acciperet
804 2055 951 2121 maritum

158 2145 223 2212 Aut
240 2143 352 2220 Pallas,
368 2165 408 2211 an
423 2143 550 2227 nuptias
563 2141 693 2228 aiicujus
708 2141 840 2206 deorum
855 2139 1031 2230 expetam?
1088 2147 1152 2210 970

157 2229 241 2308 Ques
256 2229 466 2318 virginitatem
482 2251 501 2292 a
515 2241 604 2314 patre
617 2226 795 2314 postulavit,

161 2317 296 2405 Fugiens
310 2311 515 2404 conjugium?
535 2337 575 2379 ne
589 2313 638 2379 sac
652 2313 726 2378 deas
741 2313 861 2392 stultas,

97 2443 101 2455 ·
158 2401 265 2470 Tuum
294 2418 459 2504 peccatum
487 2421 619 2467 ornans:
657 2423 820 2488 uunquam
855 2399 1047 2486 sapientibus
1082 2421 1154 2484 per·

238 2509 382 2554 masena.

158 2574 312 2641 Venerem
327 2597 425 2662 porro
438 2574 556 2652 dixisti,
574 2573 649 2656 (boc
663 2587 767 2640 autem
783 2573 873 2638 valde
886 2571 1053 2638 ridiculum
1068 2577 1129 2651 est)

158 2661 290 2728 Venisse
304 2683 377 2726 meo
390 2682 462 2726 cura
479 2661 544 2726 filio
557 2663 601 2724 ad
615 2660 754 2726 Menelai
766 2661 885 2726 domos.

161 2747 276 2814 Nonne
289 2769 421 2813 manens
436 2745 604 2832 tranquillo
618 2747 652 2810 in
666 2747 748 2812 coelo

161 2833 318 2900 Potuisset
331 2855 399 2900 earn
415 2833 571 2899 abducere
585 2855 646 2898 una
657 2856 728 2899 cum
745 2834 818 2920 ipsis
831 2829 971 2920 Amyclis
981 2831 1022 2896 ed
1035 2829 1155 2897 Ilium?

160 2921 221 2988 Sed
236 2943 326 2986 mens
339 2921 421 2986 iilius
434 2919 492 2984 fuit
507 2917 608 2984 sonna
623 2919 903 3004 prestantissimae,

159 3005 231 3072 Tua
247 3029 322 3072 sero
336 3029 425 3072 mens
439 3005 520 3070 facta
535 3021 583 3072 eat
596 3006 701 3070 Venus
715 3007 817 3091 ipsum
832 3005 1021 3092 conspicata,

160 3093 278 3160 Omnia
292 3095 376 3158 enim
391 3091 486 3158 stulta
499 3107 571 3158 sunt
583 3091 692 3157 Venus
702 3091 896 3157 mortalibus.
1092 3100 1156 3158 980

159 3179 200 3246 Et
216 3202 332 3245 nomen
349 3181 429 3246 Dete
444 3193 528 3244 recte
543 3202 560 3242 a
575 3178 706 3244 stultitia
720 3179 839 3265 incipit.

158 3267 264 3344 Quem
279 3279 315 3332 tu
329 3267 454 3332 intuens
468 3265 633 3330 barbarico
647 3266 759 3330 vestitu

160 3351 201 3418 Et
215 3375 294 3419 auro
307 3353 536 3439 splendentem,
552 3351 682 3418 libidine
696 3355 824 3417 incensa
837 3373 871 3414 es
884 3351 1035 3415 animum.

160 3441 256 3528 Argia
270 3441 355 3504 enim
370 3439 500 3528 exiguas
513 3437 634 3502 habens
647 3461 667 3502 o
710 3463 724 3502 s
739 3436 919 3503 versabaris.

158 3525 333 3590 Discedens
348 3547 423 3588 vero
436 3547 476 3588 ex
493 3525 618 3609 Sparte,
636 3523 665 3589 P
688 3547 800 3612 rygum
815 3524 972 3589 civitatem

160 3609 325 3678 Fluentem
340 3633 418 3676 auro
432 3611 563 3698 sperasti
578 3611 705 3676 abunde
718 3609 917 3676 suffecturam
932 3609 995 3674 tuis

159 3697 363 3786 Sumptibus:
386 3717 450 3760 non
466 3697 549 3762 enim
566 3696 623 3762 tibi
638 3697 712 3762 satis
727 3710 796 3762 erat
810 3695 951 3762 Menelai

158 3783 295 3860 Domus
310 3783 352 3849 ad
366 3783 591 3848 luxuriandum
608 3785 670 3848 tuis
685 3784 816 3849 deliciis.

159 3873 249 3960 Age:
273 3871 352 3936 dicis
366 3892 471 3936 meum
486 3869 585 3934 filium
603 3871 633 3934 vi
648 3883 680 3935 to
694 3869 872 3935 abduxisse.

157 3957 241 4034 Quis
257 3959 487 4044 Spartanorum
501 3956 607 4038 sensit,
623 3969 678 4022 aut
691 3977 786 4043 quam
803 3953 1056 4020 vociferationem
1096 3961 1161 4020 990

159 4043 305 4120 Edidisti,
321 4043 454 4108 Castore
467 4043 664 4108 adolescente

158 4127 201 4196 Et
215 4129 313 4196 fratre
326 4129 432 4196 adhrm
447 4131 578 4210 vivente,
593 4127 736 4195 nondum
751 4129 785 4192 in
801 4126 914 4193 caelum
930 4139 1053 4216 agenta

159 4215 336 4305 Postquam
352 4237 429 4283 sero
444 4216 573 4304 Trojam
588 4215 710 4296 venisti,
726 4215 838 4304 Argivi
852 4235 928 4280 vero
941 4227 1031 4280 tuum
