2784 4864
645 213 970 282 EURIPIDIS

354 389 389 456 Si
403 387 504 454 relicti
517 387 630 454 domur
644 383 947 452 administrationem

355 475 583 559 Corrumpunt,
597 473 738 538 virorum
751 473 904 538 uxoribus
917 483 1061 560 etupruru
1076 472 1264 542 inferentes.

353 563 398 627 Et
411 559 576 626 videbatur
590 559 681 624 bunia
695 571 780 625 recte
793 559 909 640 dicere,

355 648 468 734 Neque
480 646 563 711 ullus
577 644 711 731 amplius
724 643 817 710 dixit
832 645 900 712 Sed·
910 657 983 710 tum
996 647 1124 713 accerrit
1135 646 1248 728 frater,
1305 659 1381 718 92(

355 734 398 798 Et
412 733 512 810 dixit3
536 732 567 798 Ο
581 731 752 798 incolentes
765 744 882 796 terram
896 730 1020 811 Inachi,

354 819 442 884 Olim
460 818 592 905 Pelasgi,
607 831 716 904 pcatee
728 833 832 883 autem
848 817 1014 897 Danaidum

352 905 419 970 Voe
433 905 586 970 ulciscens
599 925 662 968 uon
678 904 782 968 miuus
796 912 1039 991 quam'patrem,

354 991 500 1058 Interfeei
516 1002 655 1056 matrem.
686 990 770 1054 Nam
784 991 811 1054 ai
825 1011 937 1056 necere
950 991 1033 1056 viros

354 1077 426 1142 Erit
439 1077 485 1142 fas
499 1075 690 1153 mulieribus,
704 1075 790 1142 illico
803 1077 957 1163 oppetetie

354 1164 504 1241 Mortem,
519 1162 569 1228 vel
584 1163 736 1228 uxoribus
749 1184 873 1228 necoeee
884 1162 945 1228 erit
957 1161 1091 1228 serviret

355 1251 398 1315 Et
410 1249 602 1316 eontrarium
617 1247 746 1326 facietis,
761 1271 855 1334 quam
870 1260 995 1332 oportet
1007 1248 1119 1314 fecere.

354 1336 450 1402 Nunc
462 1334 547 1400 euim
561 1355 633 1420 quer
640 1334 788 1436 prodidit
800 1335 916 1400 lectum
930 1334 992 1400 mei
1005 1334 1117 1421 patrie,

353 1421 412 1488 Eat
426 1419 603 1486 interfecte:
625 1442 651 1484 u
665 1434 769 1486 auteur
784 1420 932 1486 occidetis
944 1441 1009 1499 me.

354 1507 421 1573 Lex
435 1506 629 1588 dissolvetur,
645 1527 704 1571 uec
717 1519 852 1572 mortem
865 1508 1030 1595 quiequam
1044 1505 1181 1594 effigiet,
1294 1519 1382 1580 980

352 1594 437 1664 Quia
449 1592 542 1679 hujus
555 1591 696 1658 audaciae
710 1613 776 1657 uon
789 1593 846 1659 liet
857 1593 978 1658 rariter.

354 1679 419 1746 Sed
436 1701 504 1830 ppu
527 1678 681 1764 persuasit
701 1681 814 1757 turbae,
836 1701 908 1744 cum
932 1678 1059 1766 quidem
1083 1677 1245 1745 videretur
1268 1699 1381 1752 recte

460 1787 552 1830 rcere.

354 1851 398 1917 Et
409 1851 507 1917 vincit
519 1850 573 1916 ille
585 1850 686 1916 mulus
700 1850 807 1915 diceue
821 1850 854 1914 iu
869 1849 1078 1929 multitudiue,

354 1937 421 2014 Qui
434 1950 544 2004 auctor
557 1935 627 2014 luit,
642 1935 876 2002 interficiendos
890 1957 957 2001 eree
969 1949 1002 2002 te
1014 1949 1047 2002 et
1059 1935 1198 2002 fratrem.

353 2023 418 2088 Vix
431 2036 536 2089 autem
549 2024 715 2108 persuasit,
729 2044 770 2087 ue
783 2022 962 2088 moriamini
974 2022 1117 2109 lapidati,

353 2107 454 2174 Miser
468 2109 613 2174 Orestes:
635 2121 668 2174 et
681 2106 946 2174 momauudacta
958 2129 1036 2174 nece

353 2194 500 2260 Promisit
513 2215 546 2258 ee
559 2193 742 2265 relicturum
756 2195 852 2260 vitam
866 2192 928 2260 boc
941 2194 992 2260 die

352 2279 493 2346 Tecum:
515 2280 603 2346 ducit
615 2293 721 2346 eutem
735 2303 808 2346 eum
822 2301 863 2345 ex
876 2279 1029 2358 concione

402 2366 487 2432 ladee
499 2366 719 2454 lachrymauer
740 2379 773 2434 et
785 2367 979 2433 comitentur
990 2367 1084 2434 amici

352 2454 527 2531 l‘orautee,
539 2454 737 2519 miserentem
760 2454 844 2518 veuit
858 2453 928 2519 tibi.
1287 2467 1372 2526 940

351 2539 512 2607 Acerbum
526 2539 737 2626 spectaculum
751 2550 783 2605 et
795 2540 890 2604 mirer
902 2551 1055 2626 aemma.

353 2627 416 2692 Sed
430 2647 574 2713 praepera
586 2625 718 2714 gladios,
733 2640 788 2692 out
800 2626 947 2712 laqueum
962 2625 1055 2703 collo,

351 2712 437 2790 Quia
449 2725 575 2796 oportet
587 2727 619 2777 te
631 2711 808 2798 relinquere
820 2712 942 2789 lucem3
964 2725 997 2777 et
1009 2709 1156 2778 uobilitar

352 2797 443 2864 Nihil
455 2799 511 2864 tibi
525 2797 654 2884 proluit,
668 2819 771 2884 neque
785 2797 918 2884 Pythius

352 2885 492 2950 Phoebue
505 2884 615 2950 eedeua
628 2885 662 2948 iu
678 2883 830 3034 Tppode,
845 2885 899 2949 aed
914 2881 1061 2970 perdidit.

268 2993 344 3039 cuo.
354 2970 386 3036 Ο
402 2972 514 3036 misera
528 2971 628 3058 virgo,
644 2982 679 3035 ut
693 2993 713 3034 o
758 2985 865 3035 uctum

351 3055 484 3122 Vultum
496 3058 531 3121 in
545 3069 661 3121 terram
674 3055 851 3134 demittens,
866 3069 954 3122 muta
967 3077 1011 3134 ee,

351 3141 517 3230 Tanquam
532 3163 665 3208 cursura
675 3142 708 3206 in
745 3142 865 3208 uerelea
878 3155 910 3208 et
922 3140 1044 3209 lucturl

266 3227 619 3306 rra1n0b001uctum,
636 3228 712 3294 ΟΡ
742 3229 838 3312 aegia,
1261 3233 1362 3316 (etr.)

351 3314 604 3382 Mitteusalbum
619 3335 758 3404 unguem
771 3315 806 3380 iu
817 3337 924 3403 genos,
1283 3325 1363 3388 950

349 3401 522 3467 Crueutem
536 3421 664 3478 noxam,

350 3487 394 3553 Et
406 3485 562 3576 fragorem
576 3487 698 3573 capitia,
714 3509 807 3574 quem
821 3499 915 3552 nacte
927 3499 974 3552 ert
987 3485 1145 3552 subterra

350 3572 527 3640 inferorum
540 3571 676 3656 formoso
684 3573 831 3660 juvenilis
844 3573 926 3640 Dee.
1069 3583 1075 3596 “

350 3659 461 3727 Ululet
474 3671 580 3726 eutem
594 3671 681 3725 terra
695 3659 863 3748 Cyclopea,

349 3747 482 3812 Ferrum
495 3767 591 3832 cupra
604 3759 700 3832 ceput
712 3767 834 3832 poueoe
847 3745 1069 3828 [Atridarum]
1081 3742 1269 3826 touaoriurn,

349 3833 484 3918 Propter
496 3833 582 3898 mela
595 3829 720 3896 domus.
1081 3846 1085 3855 ·

348 3917 526 3998 Miseratro,
541 3929 700 3984 mmmtro
713 3917 770 3984 rlla
781 3918 867 3984 venit

350 4003 536 4070 Obocciaoe
962 4045 966 4054 ·

348 4089 415 4166 Qui
428 4089 598 4176 aliquando
611 4089 740 4158 lucrum
753 4089 848 4156 doceo
863 4089 1012 4157 (imoim-

347 4175 438 4240 Abiit
451 4176 545 4254 eum,
560 4178 647 4255 abiit,
662 4177 756 4264 periit
769 4175 940 4244 liberorum
1154 4173 1250 4260 (aar.)
1283 4183 1357 4244 960

348 4260 476 4348 Pelopia
490 4275 592 4330 totum
606 4285 717 4352 genoe,
732 4277 764 4330 et
777 4263 897 4350 ruperia
