2824 4860
467 203 752 277 ORESTEs.
1113 217 1150 280 τι

73 399 150 444 een.
157 375 288 464 Ubique
302 377 492 463 sapientibus
506 391 554 444 est
567 380 692 450 suuius
708 382 811 448 risere
825 403 919 467 quem
934 383 1026 449 mori.
1074 447 1079 460 ,

72 485 147 530 ons.
157 463 247 536 Num
263 463 361 532 fecisti
375 463 544 534 clamorem
561 463 711 533 Menelao
726 481 759 540 ut
775 467 1028 554 opitularentur?

72 549 234 616 eumTibi
249 573 309 639 ego
323 551 450 635 quidem
465 551 632 635 opituleri3
655 575 687 617 es
702 555 785 618 enim
801 554 936 638 dignior.

72 637 284 704 oanustene
297 637 396 720 igitur
411 638 504 722 periit
517 637 583 704 iilic
597 637 770 724 Tyndari?

72 723 342 800 scelestissime,
358 723 528 788 siheberet
543 721 658 809 triplex
671 739 783 812 guttur
798 724 839 790 ed
856 725 1066 792 moriendum.

71 829 144 876 ons·
155 810 292 896 Propter
303 809 460 878 ureturoli
506 833 546 875 us
559 809 755 896 gratificeris,
770 811 855 876 intus
869 815 995 882 nonitc
1008 811 1153 881 sentiens.

72 917 149 962 eun.
156 896 225 961 Cur
239 919 314 974 non,
330 919 402 984 quse
415 919 471 983 per
493 897 553 960 idit
567 895 728 962 Graeciam
742 920 814 963 cum
828 898 905 981 ipsis
921 895 1126 985 Phrygibus?

70 983 372 1083 onuJuru-ulics,
397 997 428 1050 to
453 982 660 1059 nocebo-te
683 983 752 1050 lraec
776 1006 842 1051 non
867 983 972 1050 dicere
994 987 1027 1052 iu
1047 1003 1150 1059 mesu

261 1083 385 1136 mmm·
408 1121 411 1128 ·
755 1129 758 1136 r

72 1153 218 1220 Pauper
232 1091 371 1220 ugulinum
386 1175 487 1218 meum
498 1155 583 1236 juro,
599 1177 694 1240 quem
709 1177 774 1220 non
788 1157 1003 1242 pejeraverim.
1068 1164 1151 1222 1510

72 1261 146 1306 oen.
155 1240 278 1308 Siccine
292 1241 386 1394 clippi
399 1239 441 1306 ed
456 1239 588 1325 Trojsm
602 1242 749 1309 oneribus
757 1241 878 1308 ferrum
893 1258 960 1308 erut
973 1241 1153 1330 Phrygibus

236 1341 349 1402 terren
512 1337 515 1348 ’
616 1339 620 1348 ’

73 1419 281 1564 eunnmope
302 1435 424 1482 ensem:
453 1433 530 1481 neus
550 1433 621 1479 cum
644 1435 743 1498 prope
764 1413 861 1493 adest,
883 1413 1012 1502 effulget
1032 1413 1153 1484 cedem

259 1521 347 1564 irem.

73 1607 148 1651 ons.
154 1585 277 1652 Metuis
291 1608 332 1651 ne
345 1584 403 1650 lise
416 1583 506 1668 lepis,
519 1595 671 1670 ,tunquam
687 1585 812 1652 intuens
826 1584 1005 1674 Gorgone?

72 1673 229 1738 euulmo
242 1693 284 1737 ne
297 1671 436 1738 moriers
456 1669 540 1738 bend
557 1670 640 1738 cuim
655 1671 729 1736 novi
744 1685 837 1756 ceput
851 1671 1023 1760 Gorgonis.

71 1779 145 1823 ons.
156 1758 239 1823 Cum
254 1757 296 1822 sis
309 1779 415 1822 servus
428 1757 544 1825 metuis
554 1770 702 1833 mortem,
713 1780 785 1844 quse
800 1771 836 1823 tc·
845 1759 991 1825 liberabit
1004 1780 1023 1822 s
1037 1753 1152 1822 melis?

72 1843 310 1922 sanuilibet,
326 1843 446 1910 etiamsi
461 1865 567 1910 servus
581 1841 637 1919 sit*
647 1845 767 1928 gaudet
781 1844 886 1911 videre
900 1844 1012 1910 lucem.

72 1951 145 1997 cun.
156 1929 339 1996 Rectedicis
352 1955 361 1996 t
376 1941 478 1998 servet
488 1929 716 2016 teprudeutis:
732 1929 785 1994 sed
795 1931 960 2017 ingredere
967 1929 1000 1993 in
1009 1928 1152 1995 domum.

75 2017 231 2083 enuNon
246 2017 344 2104 igitur
351 2015 475 2080 occides
486 2015 560 2105 ure?
602 2035 683 2081 ons.
705 2017 748 2082 Es
760 2015 915 2082 dimissus.
959 2036 1039 2084 eun.
1062 2014 1153 2080 Dicis

237 2103 299 2168 hoc
312 2100 482 2187 pulchrum
500 2101 641 2168 verbum.

72 2211 143 2256 ons.
156 2187 222 2256 Sed
234 2190 409 2274 poterimus
423 2200 601 2254 retrectare.
645 2205 727 2252 eun.
750 2187 826 2254 Hoc
839 2209 905 2253 non
919 2186 1052 2273 pulchre
1065 2185 1151 2251 dicis.

72 2299 143 2344 oss.
153 2275 277 2342 Stultus
291 2297 331 2350 es,
346 2275 376 2340 si
386 2286 478 2358 putes
492 2293 543 2340 me
557 2285 793 2340 cruenteturum
808 2286 898 2340 tuum
913 2272 1049 2340 collum:
1069 2280 1152 2338 1520

152 2361 239 2428 Nem
254 2382 356 2446 neque
368 2357 483 2428 mulier
496 2383 539 2437 es,
552 2381 656 2446 neque
669 2382 702 2424 es
715 2359 797 2428 inter
811 2359 904 2424 viros.

152 2449 231 2516 Ideo
245 2461 350 2514 sutem
364 2468 505 2534 egressus
512 2469 580 2512 sum
591 2469 630 2512 es
639 2445 771 2523 aedibus,
784 2467 824 2510 ne
834 2447 953 2512 excites
963 2444 1150 2513 clamorem:

153 2534 242 2603 Nem
253 2533 359 2620 Argos
372 2555 445 2600 cum
461 2531 595 2598 audierit
608 2530 777 2596 clamorem
792 2533 855 2597 cito
868 2531 1033 2598 excitetur.

152 2623 228 2687 Non
243 2631 349 2684 sutem
363 2632 410 2686 est
424 2617 502 2684 mibi
516 2631 617 2683 metus
632 2617 815 2683 Menelaum
831 2618 973 2702 excipere
986 2615 1110 2704 glsdio:

154 2707 217 2774 sed
231 2707 338 2771 veniet
351 2705 535 2790 superbiens
549 2705 636 2768 ilaris
649 2700 771 2788 cupillis
785 2725 880 2788 super
895 2705 1059 2772 humerus:

155 2795 189 2858 Si
203 2793 290 2858 enim
305 2790 439 2857 adducet
456 2793 484 2856 Δ
528 2791 592 2854 ‘vos
605 2789 639 2854 in
654 2789 736 2854 huuc
750 2789 892 2866 domum,

156 2879 350 2964 Persequens
364 2876 485 2944 credens
538 2875 646 2953 euna,
662 2888 759 2941 etms
775 2887 838 2942 non
850 2873 932 2940 volet
945 2895 1068 2938 servare

156 2965 200 3030 Et
213 2986 354 3030 sororem
371 2984 474 3028 meum
489 2977 521 3026 et
536 2961 686 3046 Pyladem
703 2962 803 3047 quiin
819 2961 867 3026 llis
881 2983 933 3028 mc
946 2959 1077 3046 adjuvit,

156 3050 304 3116 Uxorem
318 3061 350 3118 ct
362 3050 527 3136 virginem,
540 3047 607 3117 duo
621 3046 775 3113 cedevere
790 3045 917 3114 videbit.

75 3136 235 3205 cno.Heu
251 3137 314 3202 heu
330 3134 362 3200 Ο
378 3133 529 3211 Fortuna,
544 3135 581 3200 in
593 3133 679 3202 uliud
694 3147 850 3200 certamen
952 3134 1046 3218 (ont.)
1071 3139 1153 3202 1⁵80

156 3223 194 3289 ln
208 3222 297 3289 eliud
310 3223 425 3288 iterum
439 3221 553 3288 domus
596 3239 599 3244 ·

159 3309 254 3376 Cedit
268 3306 411 3374 terribile
422 3307 507 3374 circs
520 3305 665 3374 Atridas.

73 3415 123 3460 ss.
159 3395 249 3473 Quid
262 3393 432 3460 faciemusl
455 3393 675 3458 nunciabimus
690 3391 805 3458 lisseio
820 3388 956 3458 urbemi

159 3484 210 3546 An
225 3481 332 3548 tecitae
345 3477 484 3546 erimus?
525 3499 573 3546 sn.
599 3479 690 3555 Quod
702 3488 745 3544 est
759 3477 868 3559 tutius,
883 3475 916 3543 Ο
931 3476 1047 3548 cheroe.
1090 3541 1096 3556 ,

72 3586 126 3633 cz.
161 3566 245 3634 Ecce
258 3580 333 3633 ente
347 3565 441 3644 sedes,
456 3589 531 3632 ecce
542 3564 712 3632 denunciet
724 3565 847 3649 aliquid

132 3667 140 3690 ·
160 3653 221 3719 Iste
234 3653 340 3720 fumus
353 3651 468 3718 scliess
480 3653 515 3717 in
528 3673 636 3718 cerem
645 3671 781 3718 sursum.

72 3759 153 3806 creo.
163 3739 343 3806 incendunt
354 3738 460 3823 pbsus,
474 3752 623 3839 tenqoser
638 3735 864 3805 inflammeturi
878 3735 1010 3802 domum

160 3825 357 3902 Tentnleem,
372 3846 475 3926 neque
488 3825 643 3908 desistunt
656 3847 678 3890 c
690 3823 786 3890 cede.

72 3931 128 3977 st.
163 3911 320 3978 Eversum
333 3911 443 3999 dcigu
458 3909 548 3978 Deus

160 3997 366 4078 Hominibus,
381 4009 527 4064 eventum
541 4009 578 4064 ut
591 3996 734 4062 voluerit.
839 4049 841 4057 ,
1075 3997 1159 4060 lesu

161 4083 204 4150 Et
215 4106 248 4149 nr
348 4085 495 4171 quedem
508 4083 574 4162 uis3
595 4105 653 4169 per
666 4081 812 4148 edversoe
826 4077 936 4168 genios

163 4169 263 4238 Feriis
323 4171 361 4236 ”t
372 4169 456 4244 bunc
469 4169 602 4236 domurn
616 4191 674 4255 per
688 4167 790 4236 cedes

163 4255 296 4344 Propter
311 4247 440 4344 Myrtili
452 4279 559 4324 cesum
574 4277 617 4320 ex
624 4277 734 4405 purru.
760 4313 763 4320 .

590 4363 608 4405 c
