2852 4862
471 217 767 289 TROADES.
1096 231 1162 292 401

158 393 361 460 videbuntur
375 389 452 456 olim
466 411 549 468 esset
571 390 680 457 decern
695 393 781 457 enirn
797 391 944 460 laborem
958 413 1059 460 aanor

159 479 281 546 Praeter
295 479 370 544 istos
384 499 463 566 quos
476 475 530 542 hic
584 477 618 556 ἐ,
634 477 749 544 redibit
762 477 846 544 eolus
860 481 893 544 in
906 479 1052 564 patriam.

158 565 256 633 Novit
277 587 352 716 quloe
374 577 546 652 angustum
581 577 693 630 restuto
715 576 796 630 estu
821 566 984 652 reciproco
1002 567 1158 653 jactatum

241 652 316 716 inco
328 651 354 716 it

154 739 248 806 seve
263 735 455 824 Chsrybdis,
471 748 504 801 et
517 735 702 800 eruditores
716 736 886 802 monticola

155 823 305 912 Cyclope,
321 836 353 889 et
368 822 530 910 Ligustica
543 820 893 908 formatrix-porcorum

155 909 261 988 Circe,
274 921 306 974 et
320 911 391 974 selei
405 907 571 994 naufrsgm
583 909 687 985 meris,

155 995 198 1062 Et
211 995 271 1060 loti
286 1016 417 1072 umores,
434 995 580 1080 Solisque
592 1015 690 1059 sacres
706 993 811 1072 boves,

153 1081 350 1160 Qutecarne
361 1079 502 1146 vocalem
517 1079 661 1146 emittent
673 1079 854 1168 aliqnando,
1092 1093 1156 1150 440

153 1167 314 1234 Acerbum
330 1165 373 1234 Ul
428 1167 576 1232 ieonum.
623 1165 671 1232 Ut
684 1179 790 1232 autern
804 1167 939 1234 breviter
952 1167 1067 1246 dicem

153 1253 254 1320 Virus
268 1251 328 1318 ibit
398 1252 524 1328 inferos,
538 1265 570 1318 et
580 1251 733 1342 effugiens
746 1275 861 1340 aquam
877 1255 984 1336 marie,

154 1339 247 1406 Mat·
261 1339 296 1404 in
309 1339 370 1405 ntis
384 1339 506 1404 sedibus
519 1339 657 1404 inveniet
670 1339 846 1406 innumere.

155 1425 218 1493 Sed
234 1426 318 1490 enim
334 1425 409 1511 quid
426 1423 548 1512 Ulyssis
560 1425 658 1490 recito
671 1425 820 1492 labores?

154 1511 256 1590 vste,
272 1523 308 1576 ut
321 1509 483 1576 celerrime
495 1531 613 1598 sponso
626 1511 711 1596 apud
726 1511 842 1578 inseror
856 1513 1025 1580 nubemus.

153 1597 251 1664 Certe
264 1595 365 1662 malua
379 1597 460 1662 male
473 1596 631 1682 sepelieris
645 1611 751 1674 noctu,
766 1620 831 1664 non
847 1599 995 1678 interdiu,

136 1683 249 1772 .Oqui
263 1682 424 1749 existimes
438 1696 470 1748 te
484 1681 602 1769 aliquid
616 1685 723 1772 magni
735 1683 854 1766 secisse,
869 1685 1059 1752 Grsscorurn
1074 1686 1151 1752 dux.

153 1769 196 1836 Et
210 1791 263 1834 me
275 1769 408 1835 cadaver
421 1767 517 1834 valles
531 1768 651 1835 nudem
666 1769 798 1856 ejectam

153 1858 248 1942 Aque
261 1855 396 1920 torrenti
409 1855 540 1922 fluentes
554 1877 653 1942 prope
665 1854 865 1940 sepulchrum
877 1859 993 1942 sponsi,

151 1941 284 2008 Debunt
299 1939 373 2008 seris
387 1941 578 2018 laniandam,
593 1964 641 2006 me
654 1941 848 2008 sacerdotem
863 1943 1028 2030 Apollinis.
1086 1954 1150 2013 450

153 2028 186 2095 0
200 2043 284 2094 serta
298 2027 472 2092 charissimi
486 2027 563 2092 mihi
578 2027 720 2108 deorum,
736 2041 768 2094 et
781 2047 966 2096 ornaments
980 2030 1114 2112 fatidica,

153 2113 282 2180 Valeter
303 2113 445 2200 relinquo
460 2113 548 2190 fests,
564 2113 678 2200 quibus
693 2127 786 2180 entes
799 2115 989 2184 delectabar.

153 2199 344 2266 Discediteo
355 2199 777 2266 melscerctionibusarulss:
794 2202 1151 2291 utedbuccsstscorpua

151 2287 206 2352 Do
220 2284 375 2352 celeribus
388 2287 474 2352 auris
488 2285 616 2352 serendo
630 2285 700 2352 baec
714 2287 782 2364 tibi,
799 2287 832 2353 Ο
847 2289 992 2354 Vaticine
1011 2289 1092 2356 Rex.

153 2372 218 2438 Ubi
229 2385 276 2440 est
285 2373 373 2438 naris
382 2371 609 2458 Imperatoris?
622 2395 760 2460 quonum
771 2387 895 2460 oportet
903 2397 954 2442 me
962 2375 1147 2442 escendere?

151 2457 242 2524 lllico
256 2461 334 2524 enin
348 2480 458 2524 auram
473 2458 548 2524 velis
562 2473 700 2544 cepteto,

153 2543 257 2612 Unam
274 2546 371 2610 trium
388 2545 557 2612 Furiarum
571 2567 611 2610 ex
626 2544 686 2610 bec
701 2557 785 2610 terro
799 2568 850 2612 rne
863 2547 1066 2614 abducturus.

149 2630 225 2698 Vale
235 2630 327 2710 mibi,
341 2644 451 2706 mater,
467 2631 683 2718 uelacrymes,
700 2631 733 2697 Ο
747 2633 844 2698 chara
858 2637 976 2718 patris:

151 2715 281 2804 Quique
295 2717 355 2782 aub
370 2731 454 2782 terra
469 2718 580 2783 fratres
594 2719 668 2784 estis
682 2729 714 2782 st
728 2720 783 2804 qui
793 2741 851 2785 noe
864 2719 974 2806 genuit
988 2731 1089 2804 pater,

149 2801 242 2869 Brevi
259 2825 310 2870 rne
324 2804 499 2888 excipietis:
525 2807 578 2869 sed
593 2805 716 2869 reniam
731 2807 769 2869 nd
785 2819 926 2870 mortuos
942 2805 1054 2870 victrix
1083 2813 1147 2874 too

150 2889 192 2954 Et
206 2889 358 2976 populata
370 2889 482 2956 domos
496 2889 695 2969 Atridarum,
710 2915 730 2955 e
766 2891 858 2956 uibus
871 2891 1033 2976 periimus.

75 2993 142 3040 cao.
153 2973 300 3042 Hecubte
313 2998 442 3042 wnoroe
455 2975 612 3054 custodes,
628 2999 692 3042 non
707 2913 820 3042 videtis

150 3061 334 3139 Dominam,
371 3061 509 3128 uomodo
523 3077 611 3128 muta
626 3063 715 3128 humi
730 3059 846 3130 cedet?

150 3147 220 3214 Non
236 3085 430 3214 sustinebitis
446 3147 541 3214 earo?
561 3171 602 3214 sn
616 3149 791 3227 dimittetis,
808 3149 841 3215 Ο
856 3150 1000 3238 ignores?

150 3237 254 3300 Anum
270 3236 391 3320 lapsam
406 3236 516 3324 erigite
530 3256 665 3300 rursum.
961 3269 967 3283 ·

74 3319 243 3388 mSinite
253 3343 424 3396 me,-non
436 3323 519 3387 eninr
531 3320 657 3408 placent
666 3345 738 3408 quoe
746 3322 849 3388 eunice
859 3321 1009 3388 sunt—0
1021 3321 1145 3408 puellos,

147 3406 257 3474 iacere
271 3407 462 3494 collapsuros
484 3407 573 3494 lspsu
588 3409 671 3472 enim
686 3409 784 3492 dipne
796 3411 878 3474 recle

149 3491 258 3558 Patior
271 3509 304 3559 et
318 3515 489 3580 pertesum
505 3509 538 3560 et
551 3493 657 3560 adhuc
671 3495 783 3580 patiar.

149 3579 179 3644 0
192 3579 237 3646 dii
250 3577 258 3644 l
284 3581 413 3670 ignaros
427 3580 555 3668 quidem
570 3581 775 3666 opitulatores
787 3603 839 3646 oce
853 3583 975 3658 invoco,

148 3665 271 3732 Tamen
288 3669 382 3732 hebet
395 3667 532 3753 aliquant
547 3667 683 3753 speciem
699 3669 846 3732 invocaro
859 3667 946 3744 deos,
1083 3673 1146 3734 470

148 3751 288 3830 Quando
302 3765 444 3818 nostrum
460 3753 572 3840 aliquis
585 3753 618 3818 in
633 3755 792 3818 adversum
808 3751 967 3818 fortunam
981 3749 1111 3816 incidet.

150 3837 290 3904 Primum
307 3839 403 3928 igitur
418 3839 495 3904 mibi
510 3853 636 3926 gratum
651 3849 695 3906 eet
710 3837 794 3904 bona
808 3861 986 3914 recenseret

148 3921 244 3990 Melie
257 3925 343 3990 enim
358 3925 508 4012 majorem
523 3926 825 3992 commiserationem
841 3927 987 3992 inseram.

152 4009 280 4076 Fuimus
296 4011 411 4100 Reges,
426 4025 459 4076 et
471 4011 506 4076 in
519 4011 621 4100 regies
634 4015 714 4076 aedes
727 4011 837 4095 πυραῖς

150 4095 214 4164 Hie
227 4115 332 4164 sutem
347 4099 620 4184 praertsntissimm
634 4100 741 4184 peperi
756 4097 881 4174 liberos,

150 4181 220 4248 Non
236 4204 404 4250 numerum
421 4185 585 4262 duntaxat,
600 4184 655 4250 sed
670 4183 946 4249 excellentissimos
961 4183 1136 4272 Phrygum,

147 4267 264 4345 Quales
277 4293 333 4336 nee
348 4271 499 4358 Troicos,
515 4293 575 4338 nec
589 4272 716 4422 (areca,
731 4291 791 4336 nec
807 4271 941 4338 berbsre

575 4377 597 4422 n
