2784 4864
633 174 966 244 EURIPIDIS

338 349 519 436 Oportebat
533 361 574 425 te,
586 348 616 412 si
629 348 759 436 quidm
773 370 843 414 eras
857 347 982 416 Graes
995 347 1125 427 amicus,

338 441 476 507 Aurum.
492 435 578 522 quod
591 433 698 502 fateris
708 457 774 500 uon
787 447 891 514 mum,
905 433 962 500 sed
975 435 1080 521 hujus,
1095 435 1236 517 hebrae,

338 526 427 591 Dare
439 522 623 588 afferentem
635 522 863 610 egentibusque
876 535 909 588 ct
922 543 981 606 per
993 534 1119 607 tempus

339 610 486 677 Multum
500 632 520 676 a
532 608 636 694 patria
649 621 735 674 terra
747 607 861 694 procul
874 609 1149 696 peregrinantibus
1156 633 1169 689 ς

338 698 393 762 Tu
409 717 485 762 vero
497 717 539 762 ne
552 717 639 760 nunc
652 695 781 780 quidem
795 697 857 762 tuis
871 694 1030 760 dimittere
1043 695 1188 764 mauibm

341 784 495 860 Susdnes,
510 781 566 848 sed
580 795 687 848 tenere
699 803 880 868 perseveras
892 781 998 846 adhuc
1011 783 1045 846 in
1057 781 1165 848 domo

339 871 441 957 Atqui
455 869 598 952 putrieua
608 867 748 954 quidem,
762 881 844 934 otte
853 867 954 934 lilium
964 868 1258 953 emmennone,
1279 882 1387 940 1200

341 958 539 1042 Semansque
553 977 670 1032 meum,
684 954 847 1020 habuisses
859 954 1043 1040 preclaram
1057 954 1215 1042 gloriamr

340 1045 380 1108 In
395 1042 531 1108 adversis
544 1041 630 1108 enim
643 1041 721 1106 boni
734 1055 809 1106 sunt
820 1041 985 1107 certissimi

339 1130 460 1196 Amici:
482 1151 534 1192 res
547 1127 695 1194 seconde
708 1149 785 1193 vero
797 1127 884 1193 ultro
895 1125 1016 1194 habent
1026 1128 1157 1194 amicos.

340 1217 376 1282 Si
390 1237 466 1280 vero
479 1214 666 1314 indiguisse
677 1213 830 1299 pssumis,
844 1214 898 1278 hic
911 1235 987 1278 vero
998 1213 1165 1291 floruisset,

339 1302 522 1368 'I'hesamcs
536 1301 595 1366 trbi
608 1300 693 1366 filius
704 1301 859 1386 potuisset
871 1322 938 1366 ease
948 1322 1037 1366 meus
1052 1323 1203 1389 magnum

340 1388 437 1454 Nunc
451 1409 526 1453 vero
540 1409 643 1473 neque
655 1387 746 1452 illum
759 1387 862 1452 virum
877 1387 974 1452 babes
987 1385 1048 1452 dut
1060 1391 1211 1466 amicum,

337 1477 480 1560 Aurique
494 1474 616 1539 fructus
632 1474 728 1559 parit,
743 1473 801 1538 filii
823 1495 864 1538 ue
877 1474 936 1551 tui,

337 1561 474 1646 Ipseque
486 1561 555 1648 agis
569 1561 630 1625 isto
650 1559 758 1625 modo.
819 1560 863 1624 ibi
877 1579 953 1624 vern
964 1581 1027 1648 ego
1039 1559 1124 1638 dico,

339 1649 574 1736 Agamemnon,
589 1647 616 1710 si
630 1646 706 1712 huic
718 1661 813 1731 epm
828 1645 947 1722 tuleris,
961 1645 1064 1712 malus
1077 1649 1276 1733 apparebIs:

339 1733 453 1821 Neque
467 1735 522 1819 pic
536 1733 632 1810 enlm,
646 1754 751 1818 neque
763 1731 852 1797 fideli
864 1733 981 1818 quibus
994 1732 1139 1814 decebat,
1266 1749 1376 1809 1210

337 1819 452 1906 Neque
466 1832 585 1896 macto,
597 1841 702 1905 neque
709 1820 799 1905 justo
812 1817 988 1886 benefacies
1001 1819 1136 1904 hospitis

340 1906 405 1972 Sed
418 1907 520 1991 ipsum
536 1908 674 1994 gaudere
687 1905 778 1970 malis
793 1903 976 1971 tedioemus

337 1991 450 2057 Talem
465 1993 668 2068 existentem
691 1991 841 2057 Dominis
855 2013 931 2058 vero
944 2013 1011 2056 noo
1023 1992 1106 2058 facio
1118 1996 1316 2064 convicium

251 2099 328 2146 cuo.
339 2078 447 2164 Papae,
462 2077 903 2144 homiuibusutbonacausa
1246 2135 1251 2145 .

337 2166 503 2230 Bonorum
515 2165 696 2230 occasiones
708 2167 830 2250 prabet
842 2187 968 2250 semper
981 2187 1162 2232 sermonum
1174 2166 1184 2232 l

251 2273 330 2317 acu.
339 2251 514 2318 Molestum
528 2251 657 2338 quidem
671 2265 720 2316 est
734 2250 812 2314 mihi
826 2251 931 2316 aliena
939 2250 1088 2336 judicare
1100 2253 1205 2329 msla;

336 2339 462 2404 Tamen
477 2359 618 2414 uecesse3
639 2336 756 2404 etenim
770 2336 909 2404 dedecus
923 2336 1025 2418 affert,

337 2427 510 2512 Negotium
525 2426 558 2488 in
573 2445 687 2488 manus
701 2445 801 2510 quum
815 2425 907 2488 sentel
919 2425 1107 2508 acceperim,
1122 2425 1258 2512 rejicere
1273 2429 1365 2496 hoc.

335 2512 423 2578 Mihi
435 2533 511 2576 vero
527 2525 563 2576 ut
575 2511 655 2576 scies
671 2532 775 2596 oeque
788 2533 890 2575 meam
903 2509 1019 2575 videris
1032 2511 1077 2576 cb
1085 2515 1232 2595 gratiam,

335 2601 451 2686 Neque
464 2597 559 2663 etiam
574 2598 780 2677 Achaeorum,
793 2598 897 2661 virum
914 2595 1103 2662 interfecisse
1117 2597 1294 2686 hospitetur,

336 2685 402 2752 Sed
415 2697 452 2749 ut
466 2682 598 2750 haberes
612 2705 726 2748 aurum
741 2683 775 2748 io
789 2682 912 2748 aedibus
925 2683 1000 2748 tuis.
1258 2697 1357 2756 1221

336 2771 492 2858 Loqueris
505 2793 581 2837 vero
590 2770 650 2835 tibi
663 2771 724 2857 ipsi
738 2767 940 2847 conferentia,
955 2772 988 2834 in
1003 2771 1095 2836 malis
1107 2773 1254 2840 existens

337 2857 460 2922 Forsan
474 2859 572 2945 igitur
586 2856 671 2942 apud
686 2879 743 2922 ros
757 2855 849 2921 facile
862 2869 910 2920 est
923 2856 1084 2924 trucidare
1097 2858 1276 2946 hospitem:

308 2983 321 3007 ·
336 2943 440 3008 Nobis
450 2965 526 3008 vero
541 2944 665 3009 Graecis
678 2958 773 3028 turpe
786 2942 848 3008 hoc
862 2943 989 3008 tatem

335 3029 510 3106 Quomodo
523 3052 611 3118 ergo,
627 3043 658 3094 te
671 3027 847 3106 absolvens,
863 3027 1013 3118 effugiam
1026 3031 1243 3115 vituperium?

336 3115 412 3181 Non
427 3129 512 3182 certe
526 3138 661 3202 possem.
686 3115 750 3181 Sed
764 3129 933 3203 postquam
947 3139 1021 3203 qne
1035 3116 1169 3182 honesta
1183 3137 1249 3182 con
1266 3137 1357 3187 sunt

335 3203 455 3268 Facere
468 3225 561 3268 atreus
574 3227 617 3280 es,
633 3203 753 3268 sustine
766 3202 861 3267 etiam
876 3225 948 3290 quae
962 3225 1027 3268 non
1040 3209 1133 3292 giam
1145 3217 1231 3270 stmt.

249 3311 320 3357 rot.
337 3287 403 3354 Hei
419 3287 508 3366 mihi,
524 3313 543 3354 a
558 3288 701 3367 muliere,
717 3299 755 3354 ut
767 3287 904 3367 videtur,
919 3291 1020 3355 victos

335 3377 444 3450 Serva,
459 3375 545 3477 dabo
558 3375 765 3442 deterioribus
779 3397 922 3461 poenam

247 3483 328 3529 nac.
338 3465 560 3614 Anuoqpuste,
575 3462 732 3549 siquidem
747 3463 933 3547 perpetrasti
946 3461 1055 3528 mala?
1255 3473 1354 3535 teso

248 3569 322 3616 rot..
335 3549 400 3614 Ilei
416 3549 458 3614 m'
483 3552 494 3613 i
508 3563 639 3635 propter
652 3548 779 3626 liberos,
794 3548 916 3635 hosque
928 3551 1041 3614 oculos
1057 3569 1154 3624 meos,
1169 3550 1311 3618 misero!

246 3657 327 3703 nac.
335 3633 460 3702 Doles?
480 3636 558 3724 quid
572 3659 648 3702 vero
663 3639 734 3702 me?
752 3647 890 3788 gmpter
902 3633 1005 3701 filium
1017 3655 1084 3700 non
1098 3634 1208 3700 dolere
1220 3641 1354 3723 putas?

246 3743 323 3788 roc.
337 3721 466 3789 Gaudes
480 3723 633 3788 insultam
647 3723 737 3803 milri,
799 3721 956 3788 malitiose
970 3736 1016 3787 tu.

247 3829 328 3876 use.
335 3809 413 3875 Non
424 3810 510 3876 enlm
527 3833 578 3874 me
591 3810 730 3898 gaudere
743 3821 881 3894 oportet,
897 3823 929 3874 te
965 3829 1015 3874 ute
1030 3807 1098 3874 ulta
1109 3807 1204 3873 sum?

247 3917 322 3962 τοι,
336 3895 400 3961 Sed
415 3918 480 3962 uon
495 3897 612 3975 statim,
627 3895 757 3982 quando
771 3831 1210 3962 temarinalrumiditas—

246 4001 328 4049 nac.
337 3981 455 4048 Utrum
470 3985 541 4048 navi
557 3982 653 4048 ducet
666 4003 718 4048 me
732 3997 826 4048 terra
841 3984 874 4048 in
888 3981 968 4048 lines
983 3979 1205 4048 Graecanica?

245 4089 320 4134 ror„
334 4067 519 4134 occultabit
532 4069 660 4156 quidem
675 4067 835 4153 delapsam
849 4091 890 4134 ex
904 4067 1061 4134 antennis.

244 4177 325 4222 unc.
335 4155 367 4220 A
381 4176 446 4240 quo
460 4155 615 4221 tioleutcs
630 4173 756 4222 nactam
770 4151 892 4220 saltus?

245 4263 320 4308 rou.
334 4241 408 4328 Ipsa
421 4241 464 4307 ad
478 4241 598 4308 malum
612 4245 700 4310 auoit
708 4241 860 4308 ascetrdes
873 4237 966 4326 pede.
