2882 4858
271 197 337 254 rso
465 157 471 178 '
657 189 986 257 susrrrnrs

358 361 403 428 Et
416 363 552 428 Acamas
565 361 670 440 stater,
686 362 844 428 auditores
858 364 951 450 hujus
964 387 1069 433 mutos
1082 365 1192 432 11111111.

272 449 543 534 111111.Ρο11111111111,
558 461 595 514 111
609 449 723 528 senior,
738 449 928 515 antevertisti
943 473 997 516 11111
1006 451 1159 536 juniores,

358 539 535 601 Accurrcns
549 535 588 598 sd
603 533 686 600 benc
701 557 787 600 srarn
803 536 902 613 Jovis,
1293 545 1341 602 100

358 622 432 698 Dic,
447 623 501 707 qui
516 643 607 686 cesus
621 621 703 685 banc
716 622 841 686 turbam
856 637 1035 774 Ἥρᾳ.

272 730 350 776 csso.
360 707 478 773 Sedent
492 707 647 793 supplices
661 708 713 772 isti
726 707 786 771 lilii
801 708 873 772 Her
936 731 963 790 s,

358 794 556 858 Corooontes
570 815 668 870 aram,
686 807 721 858 ut
735 793 831 870 vides,
848 793 881 860 Ο
896 817 962 872 rex,

358 879 403 945 Et
417 879 522 944 Iolaus
536 879 619 944 fidus
634 881 737 944 socius
752 881 847 963 patris
862 903 971 946 eonem.

270 965 445 1042 orthuid
461 966 556 1054 igitur
570 965 761 1030 clamoribus
773 964 844 1029 brec
856 965 1019 1055 indigebat
1033 967 1216 1034 calamitas?

272 1076 348 1120 cuo.
358 1052 400 1115 Vi
414 1073 468 1116 eos
483 1051 540 1116 iste
553 1053 667 1116 ducere
679 1051 721 1116 ab
735 1051 796 1114 bac
810 1074 865 1116 ara

358 1135 486 1216 Voleus,
501 1138 648 1202 excitavit
662 1137 843 1215 clamorem,
859 1155 891 1204 et
903 1141 1015 1204 evertit
1028 1161 1113 1227 genu

359 1223 462 1304 Senis,
476 1240 512 1289 ut
526 1246 594 1309 prae
609 1225 809 1288 miseratione
823 1225 903 1288 mibi
912 1228 1084 1290 excusserit
1097 1225 1260 1313 lacrymas.

273 1309 401 1378 ususst
415 1323 518 1374 tamen
533 1323 679 1374 ornatum
697 1309 920 1376 Graecauicum
935 1326 967 1375 et
977 1313 1107 1377 modurn
1122 1313 1215 1378 vestis

358 1395 481 1460 Habet:
508 1395 666 1460 Caeterum
682 1395 752 1460 brec
764 1407 835 1460 sunt
849 1397 992 1462 barbarae
1008 1419 1129 1463 manus.
1290 1407 1341 1463 tto

358 1482 464 1546 Tuum
479 1483 603 1568 estjam
617 1481 732 1558 dicere,
747 1495 778 1546 et
792 1504 856 1546 non
871 1485 1023 1560 cunctari,
1038 1483 1127 1560 mibi,

357 1567 457 1654 Cujus
471 1580 564 1632 terroe
579 1568 659 1633 fines
673 1568 851 1654 relinquens
867 1569 928 1634 buc
942 1572 1074 1634 veneris.

202 1716 204 1732 ,
271 1676 341 1722 coe.
354 1655 492 1741 Argivus
505 1677 591 1718 sum:
614 1653 676 1718 hoc
690 1655 773 1718 eninr
789 1656 835 1718 ris
849 1658 938 1721 scire.

357 1740 467 1817 Quare
480 1755 586 1806 autem
601 1742 750 1818 venerim,
765 1753 797 1804 et
811 1765 832 1804 a
845 1765 909 1826 quo
923 1743 994 1806 dico
1010 1765 1045 1806 re
1061 1743 1142 1808 volo.

356 1827 462 1892 Mittit
475 1849 526 1892 rue
540 1828 603 1892 buc
618 1826 827 1913 Mycenarum
844 1849 900 1891 rex
919 1828 1123 1914 Eurystheus,

355 1915 537 1979 Doctorum
550 1913 625 1977 bos:
650 1916 849 1990 venientem,
866 1913 898 1980 Ο
913 1913 1036 2000 hospes,
1053 1913 1152 1980 multo

355 1999 447 2064 iusta
460 1999 552 2064 simul
566 2013 597 2064 et
611 1997 711 2064 fecere
726 2015 758 2064 et
771 2000 877 2064 dicere
890 2000 1019 2066 hebens.

268 2123 273 2132 ·
355 2085 428 2170 Ipse
441 2086 525 2148 eninr
540 2107 614 2149 cum
630 2088 688 2148 sim
704 2087 853 2172 Argivus,
868 2085 952 2150 duco
962 2087 1111 2174 Argivos,

356 2171 518 2258 Fugitivos
531 2171 590 2235 hos
604 2193 644 2236 ex
658 2194 729 2235 mea
742 2183 825 2236 terro
841 2186 959 2249 terrene,

356 2257 496 2344 Legibus
511 2257 620 2341 patriis
633 2258 858 2322 condemnatos
1290 2269 1343 2322 140

357 2341 463 2407 Mori:
495 2366 623 2428 aequum
657 2357 761 2408 sutem
790 2357 836 2408 est
876 2358 910 2408 ut
938 2356 1070 2410 1101111111
1098 2345 1342 2412 administrantes

391 2437 397 2448 '
441 2428 681 2514 Rempublicern

355 2515 423 2580 Nos
439 2515 498 2600 ipsi
512 2515 545 2578 in
560 2537 618 2579 nos
634 2518 716 2600 ipsos
730 2531 799 2581 rate
808 2518 931 2604 judicis
944 2531 1124 2584 statuamus.

356 2601 439 2665 Cum
455 2615 559 2665 sutem
574 2615 606 2665 et
619 2603 791 2666 multorum
806 2603 944 2668 aliorum
958 2607 999 2668 od
1014 2627 1084 2668 eras
1098 2608 1130 2668 iri
1143 2607 1293 2684 venerint,

354 2687 394 2752 ln
411 2688 470 2752 boc
484 2689 556 2772 ipso
569 2709 674 2753 rerum
690 2703 771 2753 stetu
786 2690 819 2753 111
834 2713 899 2774 quo
913 2711 998 2754 nunc
1012 2711 1188 2772 versamur,

354 2773 399 2837 Et
412 2796 506 2839 nemo
521 2796 613 2839 uusus
627 2791 673 2838 est
687 2776 817 2860 propria
830 2797 987 2842 accersere
1000 2775 1062 2840 sibi
1076 2777 1169 2842 mala.

354 2859 417 2926 Sed
433 2883 472 2924 an
488 2859 650 2926 stultitiam
666 2860 699 2924 bi
714 2861 851 2946 nliquam
867 2863 900 2926 111
916 2877 947 2926 te
960 2861 1244 2930 animadvertentes

355 2945 434 3011 Huc
448 2960 613 3026 venerunt,
627 2947 662 3010 irr
676 2947 853 3032 periculum
869 2951 910 3010 ob
924 2948 1175 3034 desperationem
1190 2951 1285 3014 aleam

352 3031 519 3113 iacientes,
534 3033 675 3114 sivefict,
690 3035 754 3098 sire
768 3056 877 3098 non-

353 3117 428 3182 Non
444 3119 528 3183 enim
544 3133 719 3204 sperassent
733 3133 765 3184 te
779 3119 964 3184 existentem
978 3122 1292 3210 mentis-compotem,

355 3203 466 3268 Solum
480 3227 518 3269 ex
532 3217 621 3270 tanta
636 3205 774 3282 Graecis,
791 3229 885 3290 quarn
901 3223 1112 3292 peremerunt,
1290 3215 1343 3274 150

354 3289 483 3355 Horum
500 3291 693 3356 inconsultos
708 3292 899 3357 calamitates
912 3293 1177 3360 1111111111οω-

352 3377 587 3464 Age-confer
600 3379 684 3442 enim
698 3378 944 3452 renones-bos
957 3379 1129 3444 admittens
1142 3382 1175 3444 111
1192 3397 1314 3456 terram,

353 3465 398 3528 Et
411 3464 516 3530 sinens
530 3487 588 3528 nos
600 3465 768 3540 abducere,
784 3464 861 3550 quid
875 3464 955 3530 lucri
969 3463 1087 3531 sscies?

353 3551 384 3614 A
400 3549 490 3614 nobis
504 3549 631 3637 quidem
648 3551 828 3638 hujusmodi
842 3554 993 3616 commodo
1007 3551 1081 3616 licet
1095 3553 1154 3618 ribi
1168 3554 1323 3639 accipet:

352 3637 434 3724 Argi
448 3637 545 3722 ipsios
558 3650 662 3702 tantos
675 3639 830 3702 exercitus
844 3651 876 3700 et
892 3637 1060 3723 Eurysthei

352 3721 474 3788 Omnes
488 3724 569 3786 vires
584 3724 659 3786 huic
675 3723 872 3809 Reipublicae
886 3723 1069 3812 adjungere.

353 3809 387 3872 Si
404 3830 477 3873 vero
490 3809 575 3874 dicta
589 3809 747 3875 ethorum
763 3809 977 3874 miserationes

280 3947 287 3954 .
351 3893 482 3959 Intuens
496 3895 652 3960 emollitus
666 3895 771 3972 fueris,
787 3897 819 3960 in
834 3909 993 3960 certamen
1007 3896 1114 3962 veniet

350 3983 522 4046 Armorum
539 3981 607 4046 brec
622 4003 689 4058 res;
709 4003 770 4046 nec
785 3982 868 4046 enirn
883 3981 972 4068 quod
984 3981 1181 4047 dimittemus

351 4065 450 4131 Putes
464 4069 697 4132 contentionem
712 4069 804 4132 istam
819 4069 885 4132 sine
899 4067 994 4133 ferro.
1287 4075 1343 4132 16⁰

351 4151 440 4228 Quid
457 4169 614 4218 veretum
629 4154 725 4232 dices,
741 4155 854 4238 quibus
868 4155 989 4238 campis
1003 4153 1166 4239 spoliatus,

350 4237 526 4324 Tirynthiis
540 4239 638 4304 cliens
652 4240 797 4306 addictus
812 4239 928 4306 bellurn
940 4264 1012 4306 cunr
1030 4241 1161 4326 Argitis
1172 4259 1289 4328 gerere,
