2784 4864
223 169 265 228 os
604 149 935 218 EURIPIDIS

217 352 292 400 rou.
309 327 386 394 Heu
402 324 481 390 mihi
502 325 616 458 iterium
636 337 733 412 utque
753 325 879 403 iterum,
894 324 929 391 Ο
941 323 1010 408 filii,
1023 326 1067 392 ob
1080 327 1204 394 mrtem
1223 351 1341 396 mao-

391 413 561 478 tutionem.

217 521 297 571 eum.
311 499 443 576 Amiooe,
460 514 530 564 ectu
544 512 618 561 sunt
630 519 715 562 nova
728 498 813 562 intra
826 497 957 564 domum
972 499 1065 564 muln.

219 611 292 656 1²01..
305 588 366 654 sed
382 609 445 649 non
462 583 632 670 effligeritin
646 583 747 650 oelere
762 583 860 669 pedet

303 673 463 758 Dejioieus
476 672 560 735 enim
577 670 693 734 mdium
708 669 821 736 horum
835 671 1011 756 irrumpam
1026 672 1216 758 penetralia.

219 759 400 835 snmAEcce,
414 757 518 858 gravis
534 779 644 821 manus
659 757 722 822 ruit
735 755 844 821 telum.

306 844 411 909 Vultis
425 845 604 908 irruamus?
629 841 778 929 qnoniam
794 858 920 928 tempus
935 857 1028 909 vocat

306 931 454 997 Hecuboe
468 930 575 994 adesse
589 928 802 1015 Trojanieque
814 931 985 996 mulieribus
996 930 1220 998 auxiliatrices.

219 1017 441 1106 nnnFrnnge,
457 1016 538 1080 nihil
551 1037 645 1101 parce
658 1015 784 1101 ejiciens
798 1029 923 1100 portus:
1230 1031 1339 1087 1020

306 1105 419 1191 Neque
432 1104 518 1168 enim
533 1123 673 1188 unquam
688 1102 786 1166 visum
803 1101 944 1168 lucidum
959 1103 1105 1170 restitues
1119 1105 1266 1190 pupulis,

307 1191 421 1277 Neque
434 1189 518 1254 filios
532 1187 653 1252 videbis
667 1190 814 1265 viventes,
830 1211 909 1276 quos
924 1189 1065 1254 interfeci
1079 1213 1150 1278 ego.

62 1347 74 1366 x
219 1299 298 1346 snm.
309 1277 472 1342 Numnam
486 1275 595 1360 cepisti
611 1274 781 1352 Thracem,
793 1287 826 1339 et
839 1279 984 1360 superior
997 1299 1030 1342 ee
1044 1277 1127 1342 fucta
1140 1277 1285 1365 hospite,

308 1364 341 1429 0
354 1363 494 1439 dominu,
510 1376 541 1427 et
555 1361 698 1447 patrasti,
711 1360 819 1447 qualia
832 1360 935 1426 dicit?

221 1449 436 1518 nnoVidebis
450 1469 522 1512 eum
538 1448 643 1512 stetim
656 1447 845 1512 existentem
859 1461 934 1514 ante
946 1448 1032 1514 mdes

266 1609 270 1616 ,
308 1537 451 1611 Coecum,
465 1555 552 1599 coeno
565 1545 691 1598 euntem
705 1533 888 1599 errabundo
899 1535 990 1620 pede,

307 1621 527 1705 Filiorumque
541 1619 677 1684 duorum
693 1641 839 1705 corporo,
854 1643 934 1706 quos
949 1621 1089 1686 interfeci
1103 1645 1166 1706 ego

307 1709 391 1774 Cum
405 1706 582 1772 fortissimis
596 1704 798 1773 Troadibus:
821 1729 948 1790 poenum
962 1729 1039 1773 vero
1053 1708 1132 1773 mihi

305 1793 418 1859 Dedit:
440 1791 586 1879 propedit
599 1813 686 1870 vero,
702 1804 738 1857 ut
752 1793 848 1870 vides,
864 1793 917 1858 hic
930 1817 972 1859 ex
985 1795 1092 1860 domo.

307 1880 372 1946 Sed
385 1879 509 1944 eminus
522 1879 602 1944 abeo
615 1893 647 1943 et
660 1877 803 1944 secedam
1230 1892 1330 1950 1080

306 1967 361 2032 Ira
373 1966 492 2030 fluente
505 1988 525 2030 u
539 1964 676 2042 Thrace,
692 1966 748 2028 vix
760 1965 977 2050 insuperabili·

224 2075 296 2120 non.
307 2053 340 2118 O
354 2052 434 2116 mihi
447 2049 527 2138 ego!
667 2061 670 2068 ’

307 2139 384 2216 Quo
398 2136 491 2214 vodo,
506 2136 562 2201 ubi
576 2149 635 2215 sto,
649 2159 714 2223 quo
728 2135 909 2223 appellum?

307 2222 533 2310 Quadrupedis
545 2222 682 2310 gradum
696 2222 772 2288 ferre
785 2238 947 2290 montaum

307 2311 424 2400 Figens
438 2332 533 2396 super
547 2331 659 2374 manus
673 2310 847 2376 secundum
864 2312 1181 2400 Iioudmuveetigin?

307 2397 446 2474 Qualem
460 2399 552 2473 nium,
567 2409 623 2461 aut
636 2396 729 2474 hunc,
743 2413 800 2463 eut
814 2397 902 2462 illum

307 2483 458 2562 Mutabm

307 2570 500 2638 Homicidas
513 2569 710 2654 prehendere
722 2572 852 2656 cupiens

306 2657 470 2740 [lliadoo]
484 2677 558 2743 quoe
573 2677 624 2721 me
638 2654 867 2741 perdiderrmt?

306 2743 467 2818 scelesto,
482 2742 621 2808 sceleste
634 2741 749 2827 puellae
767 2744 942 2832 Phrygum,
1226 2757 1319 2816 1040

307 2833 344 2896 lo
358 2829 528 2906 eoelerotae,
540 2828 596 2894 ubi
611 2849 663 2892 me
675 2828 751 2918 fuga

307 2916 453 3018 Fugiunt
465 2916 499 2980 iu
515 2913 663 3003 ungulis?

308 3003 442 3069 Unum
458 3001 537 3066 mibi
549 3001 716 3068 oculorum
730 3015 893 3068 cruentum
908 3003 1092 3090 palpebram

307 3088 480 3166 Medeerio,
494 3088 649 3154 medearis
665 3110 793 3166 coecum,
809 3091 840 3154 Ο
856 3089 922 3168 Sol,

306 3175 435 3242 Nubem
450 3173 612 3240 adimens!

306 3264 364 3341 At,
377 3275 428 3326 at:
451 3274 530 3339 tuoe,
545 3273 625 3339 moe,
640 3261 801 3326 occultum

306 3347 454 3414 Grudum
468 3348 571 3413 sentio
583 3347 697 3414 hurum
713 3347 893 3414 mulierum.

306 3434 375 3501 Ubi
388 3433 502 3521 pedem
515 3433 597 3499 mltu
610 3435 785 3500 immittens
793 3435 942 3502 cornibus
955 3457 1009 3502 os·

303 3521 455 3608 sibueque
468 3521 573 3600 satier,

306 3606 652 3694 Coennmsylvestrium
667 3605 807 3674 sororum
820 3609 980 3674 instruent
1225 3623 1315 3685 1050

306 3694 437 3759 Conone
451 3715 606 3778 reponere
620 3695 801 3786 injurium„

307 3780 373 3846 Pro
388 3779 588 3846 mutilatione
600 3801 672 3846 meu
685 3781 860 3846 talionem?
881 3781 921 3848 Io
934 3783 1038 3846 nriser:

306 3864 385 3944 Ubi,
400 3889 465 3952 qno
477 3865 572 3944 feror,
588 3867 704 3932 liberos
716 3867 856 3934 deserto·
870 3868 1051 3954 relinquent

305 3951 500 4018 satellitibus
516 3953 662 4019 Plutonis
675 3954 717 4020 ud
731 3953 984 4040 discerpendum,

304 4037 463 4104 Mutuus
477 4052 627 4128 tunquam
641 4040 773 4106 cunibus
787 4055 937 4108 cruentat
949 4041 1056 4129 dapes,
1071 4043 1131 4110 iur-

306 4147 424 4210 mrmes,
435 4139 683 4216 montanamque
695 4127 924 4214 objectionem?
