2882 4858
438 207 828 276 HERACLIDAE.
1112 211 1177 276 487

177 385 262 450 Crm
275 383 455 474 sdbgeruut
466 405 581 450 srersm
596 383 789 471 tempestatis
803 383 865 448 rim
1010 373 1020 388 '

176 471 221 536 Et
234 470 424 556 appulerunt
438 471 479 536 sd
493 487 608 537 terrum
623 493 734 556 prope,
748 467 864 534 deinde
876 491 896 534 s
908 466 1014 534 littore

176 557 319 624 Flatibus
333 558 440 624 re'ecti
454 571 528 624 sunt
541 579 649 622 rursus
663 557 695 622 in
712 577 808 622 mere.

175 581 603 730 Sioetnosdepellimurex
620 643 788 720 buoterrs,
1109 644 1173 705 480

173 728 249 796 Jsm
263 730 433 796 existentes
447 731 487 796 sd
502 731 601 808 littus,
613 743 665 796 teu
689 751 762 796 usru
778 727 864 794 seiri.

174 815 244 882 Hei
258 815 355 882 mittit
381 816 470 895 Quid
484 818 582 906 igitur
597 838 681 881 meo
705 816 835 894 ieotssti,
846 815 877 879 Ο
890 813 1003 880 misero

174 903 256 989 Spes
269 915 444 1056 tunessur
458 923 523 969 non
538 925 619 970 esses
640 903 681 968 sd
702 903 821 968 exituro
843 899 1034 988 perducturs
1056 895 1174 964 berred-

259 990 343 1054 oium
416 997 433 1052 t

173 1074 308 1140 Verrium
322 1075 408 1142 enim
422 1089 582 1144 merentur
596 1091 628 1142 et
642 1076 734 1163 hujus
748 1096 805 1153 res,
820 1075 848 1140 ri
860 1073 941 1140 uolit

172 1159 330 1227 Oocidere
344 1161 459 1228 civium
476 1161 572 1229 filies:
596 1163 691 1229 isudo
704 1173 809 1228 sutem

174 1246 217 1312 Et
231 1245 332 1349 pfficio
346 1251 423 1314 mitt
433 1252 583 1332 proestitio
595 1247 666 1314 hio:
688 1249 716 1313 si
729 1247 826 1314 modo
839 1247 910 1312 Diis
923 1243 1027 1332 plseet
1040 1243 1111 1310 hec

174 1333 246 1398 Pstr
262 1355 324 1412 rue,
339 1357 403 1400 nou
418 1357 493 1401 esne
507 1337 594 1400 robis
609 1335 721 1420 peribit
735 1334 845 1422 gratis

172 1419 206 1485 Ο
220 1419 289 1499 filii,
304 1421 394 1486 robis
404 1443 479 1488 sero
489 1422 566 1552 ‹puid
580 1419 740 1488 consulam
754 1441 821 1484 nou
836 1418 949 1484 babeo.

172 1505 250 1582 Quo
268 1529 326 1571 nos
338 1521 511 1574 vertemus.
540 1508 622 1586 Quis
636 1509 719 1574 enim
734 1506 878 1572 Deorum
901 1525 966 1570 oon
984 1503 1076 1569 sertis
1097 1522 1171 1588 sup·

256 1592 428 1678 plieetoriis
443 1595 545 1660 oditur
560 1591 629 1660 est?

171 1681 226 1744 Ad
238 1679 325 1766 quod
339 1683 433 1746 etism
449 1695 543 1746 terroe
581 1681 831 1770 ropugnseulum
847 1701 912 1745 non
927 1673 1092 1744 venimus?
1105 1685 1169 1742 440
1281 1759 1285 1774 ⁸

172 1765 357 1843 Peribimus,
373 1766 406 1833 0
420 1765 488 1843 dlii,
503 1767 526 1832 d
566 1789 658 1833 emur
672 1766 826 1855 equidem.

172 1850 214 1916 Et
228 1873 289 1939 ego
304 1851 441 1938 quidem,
457 1854 483 1917 si
497 1875 548 1918 ure
563 1866 689 1939 oportet
703 1854 794 1930 mori,
807 1851 887 1917 nihii
901 1873 988 1930 coro,

171 1937 242 2002 Nisi
256 1939 281 2002 ri
295 1937 374 2026 quid
388 1938 555 2006 obieetsbo
567 1963 655 2005 meos
668 1940 812 2005 inimicos
827 1941 973 2004 moriens.

169 2023 236 2088 Vos
249 2045 325 2089 vero
338 2024 471 2110 deploro
484 2041 515 2092 et
528 2027 670 2103 miseror,
687 2025 720 2092 Ο
736 2026 802 2102 filii,

167 2109 212 2176 Et
227 2111 413 2176 Alcmenam
428 2111 563 2178 retulsm
578 2125 710 2178 matrem
724 2113 832 2199 petris

167 2196 201 2261 Ο
215 2195 323 2262 infelix
337 2211 467 2284 propter
480 2198 607 2288 longum
624 2200 720 2262 ritem
734 2196 841 2264 tuom!

167 2281 273 2347 Miser
287 2295 319 2348 et
334 2305 404 2385 epo,
420 2284 475 2372 qui
489 2285 605 2350 trustra
618 2283 753 2349 multum
768 2281 926 2349 lsborsvi!

165 2367 348 2454 Oportebat
357 2372 464 2458 igitur,
475 2371 645 2458 oportebst
657 2393 715 2436 uos
726 2371 759 2435 in
773 2369 911 2434 hominis
921 2367 1042 2434 inimici
1055 2387 1167 2434 msnus

165 2455 219 2520 De
339 2458 473 2543 turpiter
487 2471 519 2522 et
532 2459 645 2524 misere
658 2458 802 2522 eminere
815 2457 921 2522 vitum.

165 2455 387 2608 Sedhffiuibi
401 2544 518 2610 nostin'
533 2542 635 2630 quid?
656 2543 730 2608 Nou
746 2543 830 2609 enim
845 2543 976 2607 omnino
1103 2548 1167 2611 450

166 2627 297 2693 Excidit
310 2628 389 2692 mibi
402 2645 472 2714 sper
488 2629 599 2695 borum
615 2629 733 2695 solutis.

165 2714 223 2780 Me
235 2713 345 2779 dedito
360 2716 490 2804 Argivis
502 2739 562 2802 pro
577 2717 644 2782 istis
660 2717 777 2802 pueris,
793 2714 825 2781 Ο
839 2737 907 2793 rex,

166 2798 209 2865 Et
223 2821 291 2864 noo
306 2801 418 2867 subest
432 2817 467 2867 tu
482 2801 668 2888 perieulum,
683 2815 715 2867 et
729 2815 892 2868 serventur
904 2799 984 2865 mihi

164 2885 273 2952 Liberi
288 2887 343 2951 isti
349 2912 360 2950 .-
382 2909 446 2952 nou
462 2902 589 2974 oportet
598 2911 645 2954 me
657 2909 764 2954 smne
777 2909 879 2953 mesm
894 2887 1052 2954 snimsmt
1074 2901 1136 2954 est.

165 2971 361 3060 Eurystheus
374 2973 457 3038 euim
472 2973 566 3040 vellet
578 2995 630 3040 me
644 2975 740 3060 proeei
764 2995 804 3040 ue
817 2987 928 3039 teneus

166 3057 363 3124 Herculeum
378 3060 499 3126 socium
511 3060 704 3126 contumelio
770 3081 856 3125 cere:

163 3144 283 3210 Vsoors
297 3145 381 3210 errius
391 3145 444 3248 ‘vir
457 3161 517 3214 est.
562 3145 764 3232 sapientibus
777 3167 853 3210 rero
866 3155 913 3212 est
926 3143 1113 3232 optendunt,
1128 3161 1167 3214 ut

164 3245 530 3420 iuimicdgsdqdireddetptss
545 3331 667 3407 gerant,
683 3341 748 3385 non
769 3339 843 3384 oum
865 3317 997 3384 ameno·
1018 3316 1166 3402 imperito

163 3417 400 3555 Multipidnddiin
414 3489 613 3556 elementism
628 3492 722 3558 etism
736 3489 845 3556 infelix
859 3490 930 3577 quis
944 3501 1166 3576 oousequstrrr.
1426 3511 1427 3580 p

85 3575 317 3654 cuoOreuex,
333 3578 642 3644 nenunoeiritstem
658 3577 768 3664 oulpsr
1098 3583 1164 3642 460
1426 3595 1427 3672 t

164 3661 308 3730 Fortasse
331 3662 417 3728 euim
442 3663 535 3728 nobis
557 3665 614 3728 boc
637 3665 756 3749 quidest
780 3661 954 3749 prodesset,
977 3659 1032 3726 sed
1057 3671 1165 3728 temen

163 3761 425 3936 Probtrirsseesset,
441 3836 527 3922 quod
542 3835 681 3936 hospites
695 3835 841 3920 supplices
854 3832 1111 3922 prodidissemus.

86 3919 325 3987 momentu
338 3921 467 4008 quidem
482 3921 552 3988 bueo
566 3921 685 3998 dixisti,
701 3919 755 3986 sed
771 3943 844 4008 quse
859 3920 925 3986 deri
938 3933 1109 4007 nequeunt.

163 4004 235 4072 Nou
251 4007 328 4072 eobo
344 4008 391 4074 tui
405 4007 471 4072 iudi
512 4029 561 4086 ns,
576 4029 635 4074 rex
649 4005 815 4073 buoducit
828 4006 1015 4074 exereitum.

162 4091 250 4168 Qoid
263 4093 349 4158 euim
365 4031 544 4182 Eurysffieo
558 4095 637 4159 lucri
653 4095 812 4172 oocednet,
827 4105 857 4159 ts
870 4091 1000 4158 bomine
1014 4111 1088 4158 sene

164 4177 319 4246 Mortuo?
339 4181 393 4246 sed
406 4180 467 4246 bos
480 4181 549 4248 ruit
563 4179 750 4246 interfioere.

219 4265 230 4290 ⁸
593 4285 603 4330 t
620 4265 631 4330 i
645 4275 664 4330 4
