2798 4862
340 233 595 304 munemita
617 233 669 302 m
691 233 880 308 novam.
1090 249 1152 311 ut

71 435 136 481 am.
152 411 224 478 Erit
237 410 438 498 sepulchium
451 411 519 491 tibi,
535 426 567 486 et
582 413 699 480 sororia
713 424 775 478 mo
787 413 905 482 lectum

148 499 322 586 Nunquam
336 499 489 578 deseram,
506 497 539 564 O
553 499 658 578 miser,
674 500 748 586 quia
762 523 822 588 ego
836 515 868 566 te

148 587 314 651 Mortuum
329 585 442 673 magis,
458 605 553 686 qoam
567 585 686 663 vivum,
698 585 831 652 charum
847 587 981 654 habebo.
1091 597 1153 660 700

150 671 212 738 Sed
227 671 371 740 nondum
387 672 527 758 perdidit
541 684 573 738 te
586 673 712 758 penitus
727 674 789 738 Dei
859 699 865 712 =

150 757 335 836 Oraculum,
351 759 494 844 quamvis
507 767 609 860 piopa
622 757 742 824 caedem
757 773 830 826 etea.

151 843 215 910 Sed
231 867 326 931 saepe,
339 865 426 930 saepe
439 844 539 910 nimia
552 844 714 910 calamitas

149 930 288 1018 Magnas
302 929 398 996 habet
413 931 610 1008 mutationes,
626 931 749 1019 quoties
763 931 808 996 ita
821 954 870 997 rea
885 932 1002 998 tulerit.

66 1038 139 1084 ona.
151 1017 251 1082 Tace.
297 1015 410 1081 Phoebi
425 1029 530 1082 autem
545 1017 693 1082 vaticinia
708 1015 786 1081 nihii
800 1017 880 1084 mihi
894 1031 1037 1105 promota

151 1103 272 1170 Mulier
284 1098 370 1167 euim
385 1101 455 1168 haeo
470 1103 632 1188 egreditur
646 1117 737 1169 extra
751 1105 914 1191 templum.

67 1211 138 1258 lma.
147 1188 308 1254 Discedite
322 1211 377 1255 voa
391 1201 423 1255 et
438 1201 588 1275 apparate
1245 1263 1250 1274 Ι

150 1275 371 1426 P¹⁰fffioe⁸
385 1275 470 1341 intua
484 1276 668 1341 necessariae
680 1276 729 1357 iis,
740 1277 796 1362 qui
810 1289 951 1363 proeaunt
964 1275 1153 1344 victimam

150 1383 331 1512 Literarudu
345 1446 474 1534 quidem
488 1447 558 1513 haec
571 1450 734 1515 volumina
747 1448 812 1514 anti
838 1471 887 1527 aa,

150 1534 184 1599 0
198 1533 348 1620 hospites,
363 1533 496 1598 adsunt:
520 1557 592 1620 quae
605 1557 681 1600 vero
695 1471 896 1622 praeteritae
910 1536 993 1617 volo,
1091 1543 1155 1604 710

149 1620 288 1686 Audite:
312 1641 407 1685 nemo
420 1622 467 1684 sui
482 1620 565 1685 idem
582 1622 676 1685 estin
691 1622 880 1699 calamitate,

149 1707 194 1773 Et
208 1705 336 1794 quando
351 1707 435 1771 cadit
448 1727 489 1770 ex
503 1718 588 1771 meto
604 1709 637 1770 in
653 1707 887 1772 confidentiam.

106 1841 112 1852 .
150 1792 228 1944 {gp
231 1793 335 1942 ligitur
349 1805 522 1941 ffl0i¹¹⁰¹3¹⁹2
537 1815 679 1858 reversus
693 1817 731 1859 en
744 1796 802 1858 hac
816 1806 900 1858 terra

472 1901 479 1941 ι

150 1893 459 2064 Islqiaicddddtniieaadc
473 1893 638 2050 ididiam
655 1967 762 2052 Argos
774 1964 924 2096 perferre.

54 2050 243 2128 ona.Qu1d
260 2051 356 2138 igitur
371 2051 441 2116 viai
462 2073 525 2138 qua
538 2050 579 2116 de
592 2073 627 2116 re
640 2073 680 2115 an
706 2053 783 2116 eris.
937 2116 941 2130 ,

52 2160 136 2205 arn.
149 2137 219 2204 Det
226 2137 447 2224 jusjurandum
463 2136 552 2214 mihi,
568 2159 601 2202 ae
616 2136 672 2202 has
682 2075 791 2202 iiterae
805 2150 1002 2224 portaturum

150 2227 266 2312 Argos,
282 2225 519 2311 amicisquibue
533 2245 586 2287 eus
598 2224 725 2288 mittere
740 2225 821 2291 volo.

50 2332 143 2378 ona.
154 2311 208 2374 An
224 2324 398 2397 toquoque
414 2311 546 2374 vicissim
564 2309 637 2374 haic
651 2309 779 2375 eoadem
794 2331 952 2376 sermones
966 2309 1101 2376 reddes?

47 2419 136 2464 arn.
148 2395 257 2472 Quam
271 2419 339 2461 rem
355 2418 405 2460 me
419 2395 595 2461 iacturam?
616 2409 670 2462 aut
685 2419 750 2462 non
764 2395 942 2463 iacturam?
962 2397 1023 2462 dic.
1090 2405 1156 2468 700

47 2481 203 2551 oamTe
217 2485 294 2548 iano
307 2503 372 2546 non
389 2496 548 2548 mortuom
564 2482 762 2548 dimissuram
777 2505 816 2550 ex
830 2485 888 2548 hoc
902 2496 996 2549 terra.

45 2591 135 2638 neu.
150 2569 252 2634 Recte
265 2567 389 2634 dixisti:
413 2569 574 2656 quomodo
587 2571 670 2634 enim
685 2582 792 2656 posset
806 2570 957 2634 nunciare
971 2591 1035 2655 qao
1045 2570 1138 2634 ocio?

43 2677 139 2724 ona.
154 2655 212 2719 An
224 2673 254 2720 et
269 2667 423 2741 tyrannus
437 2657 497 2723 ista
511 2653 685 2721 concedet?

41 2763 136 2810 1911.
150 2741 258 2806 Etiam
284 2741 483 2827 persuadebo
504 2744 543 2820 ei,
563 2752 597 2806 et
616 2741 685 2826 ipsa
704 2742 803 2824 ipmm
823 2743 856 2805 in
879 2743 967 2806 navis
991 2740 1153 2826 imponam

37 2933 141 2982 ons.
151 2826 473 3000 Juaastcdd‘ldili'doipa
480 2914 712 3000 jusjurandum,
750 2913 814 2977 uod
828 2914 868 2978 ait
883 2911 981 2994 pium.

38 3022 139 3070 apa.
149 2999 257 3078 Dabo,
273 3000 378 3065 dicere
392 3013 526 3086 oportet,
544 3002 620 3064 hanc
632 2935 795 3085 epietoiam
811 2999 888 3064 meis
902 2999 1020 3064 amicis.

35 3109 135 3158 pn.
149 3087 249 3152 Dabo
263 3085 319 3151 has
333 3085 437 3151 literas
452 3088 514 3151 tuis
528 3085 643 3150 amicis.

34 3195 138 3254 1211.
155 3173 198 3238 Et
212 3194 272 3260 ego
286 3185 318 3238 te
331 3173 446 3237 salvam
462 3171 619 3237 dimittam
633 3183 724 3237 extra
739 3171 899 3258 Gyaneam
914 3183 1046 3256 petram.

29 3281 141 3330 orer..
153 3259 262 3335 Quem
278 3273 382 3324 autem
397 3259 542 3326 Deorum
557 3259 689 3324 advocas
705 3260 749 3323 ici
758 3259 932 3344 juramenti
946 3256 1083 3324 testem?

27 3369 137 3418 nvn.
149 3345 303 3424 Dianam,
319 3347 353 3409 in
368 3347 456 3432 cujus
470 3345 595 3431 templis
610 3347 662 3410 hoa
675 3344 811 3410 honores
827 3345 938 3410 habeo.
1091 3352 1154 3414 780

25 3455 136 3505 pn.
151 3431 227 3518 Ego
241 3453 315 3496 vero
330 3453 437 3520 regem
451 3431 534 3509 coeli,
548 3431 659 3498 Jovem
674 3429 896 3496 venerandum.

21 3543 131 3592 n‘u.
148 3519 185 3584 Si
200 3539 277 3582 vero
290 3517 417 3582 deserto
425 3519 634 3605 jurejurando
646 3517 755 3582 seceris
769 3517 848 3581 mihi
863 3515 1034 3602 injuriam?

23 3630 137 3678 Ρη.
152 3604 224 3671 Sim
238 3603 305 3668 sina
317 3604 440 3669 reditu:
462 3603 539 3692 quid
553 3625 628 3668 vero
644 3619 688 3680 tu,
704 3603 731 3666 ai
746 3623 875 3667 menon
890 3599 1083 3668 servaveris?

19 3717 131 3764 um.
148 3691 326 3777 Nunquam
337 3691 439 3778 'Argis
453 3693 523 3755 viva
536 3691 702 3778 vestigium
717 3689 813 3777 figam
828 3688 928 3774 pedis.

9 3803 126 3856 m.
152 3776 242 3841 Audi
257 3799 330 3842 vero
344 3799 422 3854 rem,
439 3799 534 3864 quam
548 3777 786 3862 praeterivimus.

10 3891 123 3940 apa.
145 3865 196 3929 At
209 3876 304 3948 aptus
318 3864 378 3928 erit
392 3865 486 3928 etiam
500 3885 597 3940 nunc,
613 3863 638 3926 si
653 3875 738 3926 recte
751 3884 785 3925 ae
800 3861 954 3925 habuerit.

5 3977 125 4029 pn..
142 3949 207 4016 Da
220 3949 299 4013 mihi
316 3949 398 4015 hanc
412 3951 641 4099 exceptionem,
657 3947 774 4034 siquid
789 3945 939 4012 acciderit
951 3949 1033 4026 navi,

145 4035 198 4101 Et
212 4035 329 4100 tabuioe
345 4036 377 4099 in
392 4057 488 4121 proco
513 4038 537 4101 ia
551 4057 623 4099 cum
639 4035 738 4100 literis

144 4121 322 4200 Perierint,
338 4143 515 4208 corpusque
528 4141 654 4187 servaro
668 4121 783 4200 nolum,

140 4207 202 4275 Ut
216 4229 282 4272 aon
296 4208 431 4292 amplius
445 4207 507 4272 hoc
517 4210 731 4294 juramentum
747 4207 788 4271 sit
802 4217 915 4271 ratum.
1093 4215 1155 4276 740

5 4327 111 4378 sm.
132 4293 230 4372 Scis,
248 4295 324 4381 quid
340 4295 398 4360 aim
414 4293 560 4360 iactura?
581 4293 680 4360 muita
694 4295 778 4358 enim
795 4294 866 4358 navi
881 4292 1038 4359 accidunt.
