2802 4858
177 211 417 283 euremarus
437 205 740 287 coroticus
768 185 772 200 ’
904 213 966 292 rra

177 391 202 456 >d
209 389 381 479 jusjurandum
394 393 530 478 gratim,
546 413 621 480 quse¹
632 395 728 462 verbs
870 377 874 390 ’

177 489 297 564 1ροεευιιῐ,
308 491 337 543 ut
348 479 459 543 crimen
475 473 630 568 effirgias?

177 563 239 652 quod
250 563 294 629 illa
304 577 329 629 te
338 564 442 643 oderit,
457 565 636 632 etnothum
650 589 749 656 genus

177 651 298 714 sincicum
309 649 381 716 esse?
578 675 581 684 ¹
899 664 963 722 960

178 759 209 801 ur
218 740 298 822 ipsam
311 737 409 802 malam
424 759 490 802 csse
502 739 717 805 mercatricem
735 739 816 817 vitoe,

177 825 195 886 ri
207 821 316 908 perdidit
326 823 457 907 seipsamt

177 908 244 996 quod
256 909 316 974 viris
327 909 417 974 libido
430 909 559 1060 guidem
573 933 637 976 non
653 913 742 988 inest,

177 1019 193 1058 rs
205 1017 266 1060 vero
277 995 367 1061 innata
379 1008 425 1086 est
468 1019 530 1084 ego
544 999 618 1062 nuri
626 999 758 1086 juvenes

177 1081 245 1146 iores
257 1103 313 1147 esse
324 1081 508 1160 mulieribus,

177 1169 248 1233 imus
260 1165 351 1234 turbat
360 1160 527 1255 juvenilem
542 1171 701 1235 animum:

177 1277 201 1318 ss
212 1253 323 1340 prodest
335 1255 372 1319 eis
385 1267 550 1340 praetensa.

177 1341 454 1514 :llllllt‘lt
466 1339 831 1494 ldtfmlttttttm·

177 1513 246 1578 :hac
259 1525 333 1578 terra
345 1535 434 1600 quem
450 1513 611 1580 celerrime
626 1515 711 1594 exul,
896 1524 959 1583 970
1058 1529 1061 1538 ’

177 1599 314 1665 ›ficiscaris
327 1599 460 1665 Athenas
473 1600 626 1666 divinitus
639 1597 819 1674 edificatus,
1003 1681 1009 1690 ,

177 1687 232 1750 ines
245 1699 338 1766 terre,
351 1687 400 1750 cui
414 1701 572 1773 sceptrum
588 1709 693 1754 meum
708 1689 858 1774 imperat:
906 1705 909 1714 “

177 1772 253 1837 'ectu
267 1771 321 1837 lmc
334 1773 471 1858 injurias
482 1787 514 1838 te
527 1775 679 1852 vincerer,

177 1857 308 1924 Isthmius
322 1859 405 1924 Slois
415 1859 584 1925 testabitur
598 1883 615 1926 a
630 1881 682 1924 mc

178 1947 225 2008 sed
241 1965 288 2010 me
300 1943 411 2010 frustra
424 1945 563 2033 gloriari,

177 2033 195 2095 is
209 2031 323 2096 sodales
338 2031 515 2098 Scironides
530 2053 667 2118 unquam

177 2131 204 2193 rt,
219 2139 268 2182 me
317 2137 402 2182 arem
418 2137 485 2183 esse
500 2116 599 2183 malis.

177 2203 258 2268 nodo
271 2139 370 2268 gaam
385 2203 505 2270 felicem
520 2227 589 2269 esse
603 2204 703 2269 ullum

182 2311 254 2354 nom
269 2290 418 2376 primatia
432 2311 539 2355 rursus
553 2301 726 2356 retroverso
741 2303 824 2354 sunt.

178 2375 280 2442 uidem
295 2377 344 2442 ira
356 2387 389 2442 et
402 2378 572 2443 commotio
589 2378 686 2442 animi
701 2377 746 2441 tui
898 2384 961 2444 980

178 2475 213 2526 rt:
235 2483 301 2528 rem
316 2477 422 2528 tamen
436 2485 509 2550 quoe
522 2463 670 2550 pulchros
683 2463 780 2528 habet
793 2464 959 2542 orationes,

178 2548 322 2628 volverit,
337 2569 402 2613 non
417 2563 497 2614 esset
510 2549 690 2636 pulchrum.

178 2659 195 2699 u
210 2636 349 2721 ineptus,
366 2635 407 2701 od
422 2639 517 2700 verba
530 2635 707 2702 faciendum
722 2636 806 2721 apud
821 2635 959 2713 turbam,

178 2745 203 2785 es
219 2743 296 2786 vero
310 2735 342 2786 et
356 2743 475 2808 paucos
490 2721 631 2808 peritior.

178 2829 189 2871 ι
215 2807 335 2872 etheo
359 2809 599 2896 congruentiam
622 2807 777 2896 aliquam:
800 2808 855 2896 qui
876 2808 961 2874 enim

178 2895 295 2960 tientes

179 2980 286 3066 pretii,
303 2980 353 3045 illi
368 2994 443 3047 sunt
456 2982 592 3068 aptiores
613 2981 860 3067 adloquendum
877 2982 962 3070 apud

179 3177 208 3218 se
222 3165 286 3235 est,
299 3157 453 3222 veniente
467 3155 653 3233 calamitate,

179 3241 332 3320 solvere;
357 3243 496 3328 primum
512 3253 617 3308 autem
631 3243 779 3329 incipiam
795 3241 910 3320 dicere,

179 3351 205 3392 is
221 3327 370 3394 adortus
385 3351 418 3394 es
435 3343 470 3394 ut
483 3329 677 3416 perditurus,

179 3414 379 3480 uicturum.
426 3415 770 3494 intuerislroclumen,
900 3421 967 3480 990

180 3525 185 3564 ι
203 3500 261 3565 his
278 3515 421 3568 nonest
434 3503 483 3568 vir
499 3525 550 3567 me

192 3587 337 3652 etiamsi
355 3601 394 3653 tu
409 3611 512 3675 neges.

181 3673 338 3760 quidem
357 3677 434 3739 novi
450 3675 554 3740 coiere
567 3675 654 3755 deos,

180 3760 325 3840 tmioos,
345 3761 508 3826 malorum
525 3761 630 3841 rudes,

180 3855 237 3909 eet
254 3847 395 3932 pudor,
410 3867 514 3936 neque
527 3845 694 3914 inhonesta
707 3845 850 3922 suadere,

180 3987 182 3994 .
197 3931 480 4000 subministrare
492 3935 599 4019 turpia
613 3931 793 3998 sodalibus:

181 4041 247 4082 rem
266 4019 415 4085 derisor
427 4019 641 4102 familiarium,
656 4033 756 4106 pater,

181 4107 320 4172 amicis
339 4119 413 4173 tam
430 4107 620 4184 absentibus,
637 4127 730 4192 quern
746 4101 976 4196 presentibus„

181 4193 274 4260 ainis
290 4215 374 4260 aum
392 4195 551 4272 immunis,
563 4213 627 4282 quo
641 4215 692 4260 me
702 4191 869 4258 damnasse
881 4209 969 4254 nuuc

396 4375 450 4434 ΝΞ
