2854 4866
445 207 791 278 suermcns.
1095 217 1157 278 261

17 419 18 482 5
154 383 292 450 Necesse
316 391 361 448 est
385 403 432 448 ne
456 383 520 446 tuis
545 380 679 449 decretis
703 383 909 470 acquiescere.
955 383 1045 464 Quid
1074 385 1157 449 enim

154 553 227 634 Sed,
238 465 382 632 ffils,
399 554 442 619 ite
455 553 589 620 viridem
605 553 737 620 herbum

155 641 384 728 delinquentes
397 641 451 706 hie
464 639 626 708 frondium
639 641 826 720 inversione,

156 727 197 794 Et
210 727 302 794 Deus
316 739 349 792 et
364 741 478 794 terram
494 741 526 793 et
540 727 705 816 igniferum
721 728 827 794 Deum

155 815 305 880 Cererem
321 812 471 880 facientes
485 827 592 892 testes,
602 827 635 878 et
647 815 721 880 solis
737 815 856 892 lumen,
1093 821 1157 878 260

154 899 253 1028 Quod
268 899 349 966 nihil
363 897 550 986 profuerunt
564 900 655 966 nobis
669 922 779 986 preces
794 899 949 968 Deorum.

87 993 176 1058 cn0·
302 993 322 1032 e

157 1073 222 1152 Qui
236 1072 405 1140 eratfilius
420 1069 559 1161 Pelopis,
575 1087 607 1138 et
621 1094 679 1138 nos
693 1095 732 1138 ex
747 1087 833 1138 terra
848 1072 980 1161 Pelopis

157 1159 359 1227 Pcsridesnus
373 1157 508 1226 eundem
523 1161 709 1248 sauguinem
725 1173 893 1246 paternum
909 1173 1025 1226 tecum.

155 1246 244 1326 Quid
259 1243 350 1332 egit?
371 1245 488 1330 prodes
501 1243 582 1324 haee,
597 1259 630 1310 et
643 1246 747 1332 ejicies
763 1269 803 1312 ex
818 1261 903 1312 terre

155 1336 230 1402 Hos
242 1331 431 1484 suffiuibil
449 1345 633 1399 consecutus
647 1355 755 1410 sonent,
771 1355 843 1420 quse
858 1333 940 1419 ipsas
955 1331 1092 1418 consequi
1104 1328 1160 1394 de·

240 1441 280 1484 ce
322 1433 336 1483 l

157 1507 378 1594 Nequaquam.
423 1503 535 1570 Habet
543 1504 627 1570 euim
639 1503 797 1594 refugium
806 1503 872 1570 iera
882 1505 1011 1593 quidem
1026 1515 1160 1590 petram,

158 1593 276 1660 &vus
290 1613 367 1658 vero
380 1612 451 1656 ures
466 1591 623 1671 Deorum,
635 1592 744 1656 civitas
759 1614 835 1657 vero
848 1593 889 1658 ad
904 1592 1063 1657 ciuitatem

158 1679 255 1768 Fugit
264 1679 385 1766 jactsta
400 1677 648 1763 tempestatibus.
694 1679 812 1742 Rerum
828 1679 911 1744 enim
926 1676 1139 1744 humansrum

158 1764 248 1832 Nihil
262 1780 312 1830 est
325 1777 481 1850 perpetuo
494 1764 631 1829 beatum.

90 1851 255 1930 trev-de,
273 1851 306 1918 Ο
321 1851 445 1934 misere,
460 1873 478 1914 a
492 1872 582 1916 sucro
596 1849 664 1914 solo
677 1848 888 1936 Proserpinse,
1096 1855 1161 1918 270

157 1937 259 2016 vade,
274 1951 308 2002 et
321 1936 467 2023 supplice
479 1935 613 2026 genibus
628 1937 793 2022 imponens
807 1958 946 2015 menum,

160 2025 316 2092 Filiorum
329 2039 531 2090 mortuorum
546 2023 686 2108 recipere
696 2022 937 2102 cadavers,-O
952 2043 1002 2088 nte
1017 2021 1162 2088 miserem

244 2133 344 2176 cursen
354 2111 411 2174 .'-

160 2197 393 2283 Quosjuveues
409 2193 532 2280 perdidi
547 2195 605 2260 sub
620 2194 780 2260 moenibus
792 2195 947 2261 Cadmeis.

156 2283 220 2349 Hei
234 2281 333 2348 mihi!
360 2281 557 2368 prehendite,
573 2281 691 2360 efferte,
709 2281 838 2348 mittite:
862 2281 1022 2350 extendite

161 2369 295 2436 Miserae
311 2390 423 2433 munus
437 2367 559 2434 seniles.
606 2411 609 2419 ·

162 2459 220 2522 Per
232 2477 363 2544 genum,
379 2455 412 2520 Ο
426 2453 618 2532 charissime,
631 2467 662 2519 ct
676 2455 931 2541 praestantissime
945 2455 977 2520 in
995 2451 1132 2530 Greecia,

162 2542 288 2621 Precor,
302 2541 418 2608 cudens
432 2541 472 2606 ud
487 2557 543 2606 tus

162 2631 275 2695 Genua
289 2643 322 2693 et
337 2649 467 2692 matrum
481 2628 647 2692 miserum:

162 2716 316 2780 Miserere
328 2735 390 2801 pro
403 2713 509 2778 liberis
523 2735 575 2778 me
588 2711 773 2798 supplicem,

163 2801 259 2866 Velut
273 2821 430 2876 erronem,
442 2799 586 2866 edentem
602 2799 738 2886 lugubre
752 2821 878 2866 cannen
895 2795 1079 2863 miserabile.
1102 2803 1166 2862 280

165 2887 205 2953 n
218 2887 277 2964 uli,
292 2909 334 2951 ne
348 2885 522 2971 insepultos
535 2887 568 2950 in
585 2899 670 2951 terra
685 2885 800 2950 Cedmi
815 2884 953 2950 ludibria
967 2883 1106 2950 lerurum

166 2973 259 3038 lilios
274 2973 307 3038 in
323 2987 378 3037 tus
391 2985 484 3038 setate
497 2971 614 3047 videas,
631 2972 816 3056 suppliciter
829 2994 897 3048 oro,

164 3061 278 3144 Aspice
291 3057 469 3146 lschqmss
483 3059 516 3122 in
531 3059 609 3122 meis
623 3058 792 3208 palpebris,
808 3080 880 3144 quae
895 3057 935 3122 ud
951 3069 1006 3122 tus

165 3145 280 3212 Genua
293 3144 347 3210 hic
361 3145 451 3224 cado,
463 3144 658 3229 sepulturum
686 3145 780 3208 iberis
795 3159 830 3209 ut
844 3166 904 3208 con
963 3167 1027 3210 uur.

95 3251 161 3298 tux.
168 3231 284 3310 Meter,
300 3230 378 3318 quid
391 3231 511 3318 plores,
527 3245 622 3297 tenue
638 3231 765 3316 peplum
780 3253 875 3319 super
888 3167 996 3296 elisios

165 3317 253 3384 Tuos
268 3321 413 3404 ponens?
437 3339 514 3384 num
532 3317 741 3384 miserabilem
757 3317 916 3405 querelam

169 3405 293 3470 Herum
309 3403 467 3470 audieus?
488 3427 562 3470 num
579 3426 630 3469 me
666 3427 769 3491 uoque
783 3405 940 3488 permovit
955 3399 1111 3469 nonnihil.

167 3491 287 3558 Attolle
299 3512 415 3556 cenum
430 3513 467 3556 cs
492 3505 537 3574 ut,
549 3491 614 3556 nel
676 3513 781 3578 rymss
796 3489 902 3566 funde,

168 3577 316 3644 Anidens
329 3577 446 3644 unctis
459 3513 536 3660 lllcis
553 3577 688 3642 Cereris.

97 3679 146 3728 rr.
168 3663 253 3744 lien,
268 3663 351 3815 hep!
397 3683 479 3730 une.
501 3663 639 3728 latorum
654 3663 737 3728 molo
760 3685 825 3728 non
846 3675 921 3726 sunt
943 3659 999 3728 tibi
1021 3657 1170 3747 ingemis-

248 3771 307 3816 cen
331 3773 361 3816 s.
1105 3753 1170 3812 290

94 3851 146 3898 ιτ.
167 3833 198 3900 Ο
212 3837 337 3901 mheroe
351 3833 517 3902 mulieres!
563 3855 643 3901 une.
667 3835 741 3900 Non
757 3848 792 3901 tu
810 3857 873 3900 unu
887 3857 920 3898 es
937 3831 1071 3898 illarum.

93 3939 144 3986 lt.
164 3923 332 4000 Dicamne,
347 3921 403 3999 fili,
419 3921 540 4010 aliquid
555 3921 613 3986 tibi
628 3935 660 3986 et
674 3921 746 3987 urbi
766 3917 958 3988 honestum?

93 4007 242 4086 nene,
256 4009 332 4096 quia
345 4007 447 4074 multa
460 4023 534 4073 sunt
549 4007 643 4072 etism
656 4031 676 4072 a
692 4006 874 4074 mulieribus
887 4005 1044 4092 sapienter
1057 4004 1152 4071 dictu.

92 4107 142 4158 n.
164 4093 227 4160 Sed
242 4117 357 4172 mmo,
373 4117 467 4181 quem
482 4093 561 4170 celo,
578 4093 620 4160 ud
637 4093 858 4160 verecundiam
873 4089 944 4158 lert.

92 4179 283 4268 tnnTurpe
294 4181 415 4263 dixisti,
430 4179 515 4247 bona
529 4181 631 4248 celare
647 4181 786 4246 Amicos.

94 4283 146 4332 nr.
169 4269 241 4334 Non
251 4291 329 4336 sune
339 4283 446 4338 tacens
460 4267 576 4337 deinde
589 4266 819 4354 reprehendam
834 4266 1004 4353 uliquundo

607 4376 623 4418 s
640 4363 658 4418 8
