2862 4864
500 81 515 118 Ι

615 177 940 246 EURIPIDIS

321 352 444 420 Tamen
459 349 627 437 lachrymis
640 352 723 436 patri
738 351 779 416 sia
793 373 857 416 une
871 349 1018 436 supplex,
1249 359 1327 419 12³⁰

325 440 376 504 Ne
389 437 514 510 occidat
528 452 614 502 tuem
629 459 786 502 sororem:
808 459 916 503 sensus
930 438 1009 502 ettt'm
1021 435 1152 523 quidam

324 523 486 590 Malorum
501 524 581 590 inest
595 524 689 588 etiam
705 523 737 586 in
758 521 940 590 infantibus.

178 667 184 680 .
322 612 417 688 Ecce,
433 610 465 677 O
480 624 579 694 pater,
594 621 701 674 tacens
716 610 773 674 iate
787 609 943 694 supplicat
958 609 1026 674 tibi.

323 698 433 773 Quare
444 697 505 760 mei
520 699 674 760 rationem
690 694 782 774 habe,
798 710 830 760 et
843 717 916 763 meoe
930 695 1075 760 miserere
1090 694 1174 760 ritae.

324 783 395 860 Nae,
411 806 469 848 nos
482 782 548 847 duo
563 781 648 846 chari
665 803 702 845 ro
779 804 814 846 us
830 796 861 846 te
874 803 932 868 per
946 795 1036 846 tuum
1051 795 1217 846 mentumc

324 870 411 934 Alter
426 869 553 955 quidem
569 865 671 932 inians
685 805 789 932 allrllc
803 881 859 946 est,
875 869 973 934 altera
986 889 1061 932 vero
1075 866 1191 932 florens
1205 881 1305 944 aetate
1336 915 1344 924 .
1407 910 1408 990 p

324 956 433 1022 Unam
448 977 515 1019 rern
530 953 636 1018 adhuc
651 953 796 1030 movebo,
811 967 911 1019 totam
925 955 1101 1018 orationem
1115 953 1329 1019 contrahens:
1408 1002 1409 1072 p

324 1041 545 1107 Gratissimum
560 1051 603 1105 eet
617 1039 797 1105 hominibus
811 1041 925 1106 Intueri
940 1040 1024 1105 hanc
1042 1039 1154 1117 lucent,
1408 1073 1409 1078 κ

323 1127 431 1192 Iniere
444 1139 548 1192 autem
565 1125 644 1190 nihil
658 1139 749 1191 sunt:
771 1127 888 1192 insanit
902 1127 997 1204 enim,
1012 1126 1067 1212 qui
1081 1125 1170 1210 cupit
1410 1188 1411 1221 ,

325 1213 424 1278 Mori.
456 1213 572 1277 Melius
587 1223 633 1276 est
646 1211 729 1276 male
743 1213 857 1290 vivere,
874 1233 967 1298 quem
983 1215 1062 1276 bene
1075 1212 1165 1274 mori
1244 1220 1331 1278 tuto
1410 1223 1412 1300 3

239 1321 315 1368 cuo.
326 1299 358 1365 O
373 1299 509 1364 infausta
524 1297 660 1375 Helena,
675 1311 806 1384 propter
820 1312 851 1364 te
865 1313 896 1364 et
910 1314 979 1362 tuas
993 1299 1131 1383 nuptias,

325 1384 482 1474 Magnum
496 1384 582 1449 venit
596 1397 752 1448 certamen
769 1385 889 1449 Atridis
903 1399 936 1450 et
948 1384 1054 1449 liberis
1068 1404 1187 1448 eorum.

239 1495 314 1538 aee.
327 1471 398 1558 Ego
421 1471 547 1556 quidem
574 1469 725 1558 intelligo,
750 1470 805 1535 ubi
826 1472 866 1534 sit
887 1493 966 1556 opus
988 1470 1196 1546 miseratione,
1219 1481 1252 1534 et
1276 1469 1333 1535 ubi

409 1578 513 1622 minus

324 1646 471 1744 Amoque
485 1601 571 1707 meos
585 1642 721 1707 liberos:
744 1643 912 1708 insanirem
928 1644 1021 1720 enim,
1037 1645 1064 1708 si
1078 1642 1332 1725 aliterscoerenr:

326 1731 474 1797 Grartter
488 1743 590 1794 autem
607 1751 657 1793 me
671 1727 734 1794 affli
758 1731 782 1794 it
795 1729 865 1794 hoec
879 1729 997 1808 audire,
1011 1730 1134 1806 mulier,

325 1816 472 1881 Graviter
486 1815 590 1893 etiam,
608 1837 671 1880 oon
686 1753 820 1880 autlere:
843 1829 970 1902 oportet
979 1815 1063 1880 enlm
1076 1837 1127 1880 me
1137 1813 1201 1880 hoc
1216 1815 1334 1880 lacere.

324 1902 458 1981 Videtis,
472 1915 607 1988 quantus
623 1902 674 1966 hic
688 1903 728 1966 eit
742 1898 860 1967 navalis
873 1901 1038 1979 exercitus,

325 1987 416 2064 Quot
431 1987 618 2054 Graecorum
634 1986 755 2052 domini
771 2010 930 2053 armorum
946 2009 1117 2065 aeneorum,

324 2072 449 2150 Quibus
464 2073 504 2137 ed
520 2073 569 2137 Ilii
584 2086 686 2138 turrea
700 2075 846 2158 trajectus
862 2096 925 2140 non
940 2075 1047 2154 datur,

324 2160 394 2226 Nisi
403 2173 435 2224 te
443 2172 630 2237 mactavere,
643 2159 907 2245 quemadmodum
918 2159 1333 2238 dicitCalchasratea‚12⁵0

325 2246 438 2346 Neque
450 2245 523 2309 licet
536 2259 676 2310 evertere
691 2246 837 2396 melpum
854 2247 959 2312 sedem
975 2245 1094 2333 Trojae.

325 2331 442 2398 Libido
472 2353 548 2396 sero
574 2331 721 2418 quiedam
759 2334 861 2398 uriosa
887 2333 1011 2398 incessit
1032 2333 1211 2398 exercitum
1235 2335 1336 2398 Grre·

408 2439 529 2494 eorum,

326 2503 505 2590 Navigandi
543 2526 614 2568 uam
629 2505 790 2571 celerrime
804 2507 835 2568 in
852 2518 967 2570 terram
985 2503 1213 2582 Barbaronrm,

324 2526 616 2676 Compescenlique
631 2591 836 2657 Grtecanicos
850 2593 1021 2680 conjugum
1036 2605 1164 2676 raptus:

325 2677 392 2754 Qui
407 2699 491 2741 meae
506 2675 586 2741 filias
600 2679 693 2764 Argis
706 2679 861 2754 occident,

188 2797 200 2812 ·
323 2765 367 2829 Et
381 2786 436 2828 vos
449 2785 480 2826 m
522 2785 572 2841 ue,
588 2765 613 2827 si
628 2763 854 2846 irritrunsecero
867 2763 1028 2830 oraculum
1043 2762 1123 2829 deae.

323 2850 398 2914 Non
414 2871 465 2914 me
521 2849 657 2928 enelaua,
673 2848 748 2928 filia,
764 2849 898 2936 subegit,

218 3001 222 3017 ,
323 2935 392 3001 Nec
406 2937 439 3000 in
454 2934 537 3000 illius
553 2933 747 3001 voluntatem
763 2936 913 3016 concessi,

325 3021 389 3087 Sed
405 3021 544 3170 Grleecia,
559 3027 620 3102 [me
633 3025 770 3108 subegit]
785 3023 836 3088 cui
851 3035 1121 3106 oportunam
1145 3021 1249 3100 velim,
1273 3043 1336 3088 eeu

408 3128 451 3172 no
464 3129 517 3184 nn,

323 3192 466 3258 Mactare
482 3207 529 3258 te:
552 3193 612 3257 hac
626 3205 732 3259 autem
749 3216 783 3260 re
797 3217 903 3260 sumus
917 3194 1087 3259 inferiores.
1245 3203 1337 3264 1260

322 3277 460 3364 Oportet
474 3279 558 3344 enim
572 3301 641 3344 eam
656 3279 798 3358 liberam,
814 3295 965 3368 quantum
981 3282 1013 3346 in
1030 3295 1060 3344 te
1074 3291 1127 3358 eet,
1143 3279 1221 3360 lilia,

323 3365 366 3430 Et
381 3367 413 3430 in
427 3386 489 3446 me,
503 3364 582 3440 fieri,
598 3387 699 3452 neque
713 3391 733 3430 u
748 3367 897 3432 Barbarie

323 3451 398 3526 an,
413 3451 468 3537 qui
483 3464 557 3516 aunt
572 3451 690 3530 Graeci,
706 3453 893 3541 conjugibus
907 3454 1041 3538 pervim
1056 3450 1197 3538 spoliari.

236 3559 308 3606 ctr.
322 3537 354 3603 Ο
368 3536 443 3616 filia,
460 3535 493 3603 Ο
507 3537 650 3623 hospitae,

324 3623 401 3689 Heu
415 3645 466 3688 me
476 3623 620 3689 miseram
638 3628 765 3710 proptei
779 3639 864 3690 tuam
881 3623 1034 3690 morteml

322 3710 418 3798 Fugit
432 3721 463 3776 te
476 3721 576 3812 pater,
592 3711 720 3775 tradens
734 3725 765 3776 te
782 3711 920 3777 Plutoni.

138 3821 145 3834 ·
236 3817 309 3864 retr.
322 3793 398 3861 Heu
414 3795 503 3876 mihi,
519 3808 629 3877 mater,
644 3796 765 3862 meteri
790 3797 874 3862 idem
888 3797 971 3862 enim

323 3881 458 3946 Carmen
474 3883 621 3948 convenit
633 3883 775 3968 utrisque
789 3883 831 3947 ob
846 3881 1015 3960 fortunam,

322 3967 396 4033 Non
411 3967 546 4051 amplius
560 3967 639 4032 mihi
652 3968 722 4046 lux,
1053 4015 1058 4026 ·

322 4053 434 4139 Neque
447 4053 521 4118 solis
534 4053 586 4118 hic
601 4053 760 4142 splendor.
1245 4063 1338 4127 1270

321 4139 395 4204 Heu
410 4137 493 4204 heu!
518 4142 626 4206 niuosa
642 4137 686 4206 rt
725 4163 801 4226 gunt
817 4163 947 4206 nemora

322 4225 364 4290 Et
378 4239 501 4292 montes
517 4225 595 4306 Ide,
613 4227 666 4294 ubi
712 4227 829 4294 riamut
844 4227 919 4294 olim
936 4225 1086 4294 intentent
1104 4237 1193 4292 tene·
