2888 4856
419 237 666 308 antennas
690 239 885 310 FURENS.
1129 251 1217 350 507..

191 415 292 494 Quod
307 416 333 480 si
347 437 407 505 ego
420 417 624 501 pubasoerbm
638 416 757 482 viribus

192 501 236 568 E:
249 502 371 568 hastam
387 504 418 568 in
433 523 542 591 pugna
555 502 679 568 vibrare
693 525 826 588 possent,

192 589 237 654 Et
250 589 479 656 Thebanorum
494 591 604 666 coaevi,

191 676 344 740 Adessem
356 675 463 740 liberis

190 761 343 828 Auxilio:
366 783 450 826 nuno
466 774 569 826 autem
585 760 738 826 destituor

193 847 291 912 Felici
300 850 473 934 juventute.

191 933 355 1000 Sedenim
371 934 462 999 rideo
476 933 534 998 hos
551 946 747 997 mortuorum

191 1019 346 1085 Vestitum
361 1019 522 1096 habentes,
539 1019 645 1107 magui

190 1105 363 1182 Quondam
377 1119 479 1182 antea,
495 1105 647 1170 Herculis

193 1189 233 1256 Et
247 1191 375 1256 charam
391 1213 531 1268 uxorem,
547 1191 627 1256 lilios
642 1189 819 1256 trahentem
831 1193 924 1278 juxta
1125 1205 1191 1262 440

191 1277 369 1364 Adjunctos
382 1277 517 1364 pedibus
531 1277 646 1342 liberos
661 1290 692 1341 et
706 1297 810 1342 sonem

190 1363 318 1428 Patron:
336 1363 494 1430 Herculis
539 1363 597 1430 Me
611 1363 778 1428 miserum!

189 1450 253 1520 Qui
269 1472 332 1514 non
347 1473 472 1538 possum
489 1451 650 1515 continere
664 1448 872 1536 laerymarum

191 1535 338 1622 Amplius
350 1537 462 1602 seniles
475 1535 639 1601 oculorum
653 1535 765 1600 luntas.

99 1623 276 1710 remige:
300 1625 370 1710 quis
385 1623 540 1704 sacerdos,
556 1622 626 1710 quis
639 1634 794 1687 mactator
808 1623 1002 1700 miserorum,

188 1712 255 1774 Aut
268 1710 391 1773 misera:
405 1731 485 1774 mooe
500 1708 614 1773 anima:
629 1706 773 1772 occisor?

189 1793 237 1860 Ut
251 1795 346 1860 ducat
361 1809 485 1880 paratas
501 1795 591 1860 hasce
607 1793 748 1858 victimas
763 1793 803 1858 ad
819 1795 945 1859 inferos.

188 1879 221 1946 Ο
235 1879 337 1958 liberi,
353 1881 499 1946 ducimur
513 1901 576 1944 non
593 1877 726 1966 pulchra
740 1881 855 1965 aopula
868 1894 1079 1960 mortuorum,

191 1965 266 2031 Una
278 1989 366 2031 senas
379 1981 412 2032 et
419 1969 551 2054 juvenes
565 1980 596 2031 et
610 1981 736 2034 matres.

188 2050 221 2117 Ο
235 2051 333 2116 saturn
348 2053 496 2118 misorum
515 2071 620 2116 meum
635 2066 667 2117 et
680 2051 852 2116 liberorum
1116 2063 1187 2120 400

188 2136 330 2215 Horam,
346 2161 426 2240 quos
436 2151 631 2225 postremum
646 2137 746 2202 oculis
760 2137 896 2222 aspicio!

188 2222 302 2309 Peperi
318 2224 443 2310 quidem
460 2245 525 2302 vos,
541 2223 684 2288 hostibus
697 2245 773 2288 vero
787 2223 915 2288 oduoari

186 2309 421 2375 Contumeliam
437 2325 469 2376 et
483 2309 652 2374 ludibrium
669 2323 701 2375 et
714 2309 854 2374 exitium.

186 2395 312 2480 (Hom)
337 2395 522 2462 Admodum
533 2417 608 2460 sane
619 2417 719 2460 meam
731 2396 912 2481 opinionem
924 2397 1187 2476 delusiterentus,

184 2481 293 2558 Quam
308 2503 349 2546 ex
364 2483 461 2568 patris
476 2483 569 2548 vestri
584 2481 688 2546 verbis
702 2481 778 2546 olim
792 2483 971 2566 sperari.-

185 2565 263 2632 'Iibi
278 2569 362 2632 enim
377 2583 468 2653 pater
482 2566 649 2633 defunctus
665 2569 768 2668 Argos
783 2567 960 2633 tribuebat:

187 2651 268 2718 Eras
281 2665 387 2720 autem
403 2653 601 2719 habitaturus
614 2653 648 2716 in
664 2653 786 2718 oedrbus
802 2653 982 2739 Eurysthei,

187 2737 360 2823 imperium
375 2740 495 2804 habens
507 2738 618 2804 fertilis
634 2739 800 2825 Pelasgia,

186 2825 393 2912 Spolinmque
407 2825 483 2890 ierae
498 2825 743 2911 circumjiciebst
756 2837 814 2890 tuo
827 2825 921 2910 rapiti

187 2911 316 2988 Leonis,
332 2933 396 2997 quo
410 2913 477 2998 ipse
490 2911 689 2976 armabatur:
1123 2921 1187 2980 400

186 2997 240 3062 Τιι
256 3019 330 3062 vero
344 3019 397 3064 rex
413 3019 481 3062 eras
495 2995 618 3063 futuros
634 2997 818 3062 Thebarum
834 3017 908 3082 quas
921 3017 1032 3062 eunus
1045 3011 1163 3076 amant,

187 3081 355 3148 Possident
370 3105 456 3148 meos
470 3085 537 3172 agri
553 3105 682 3168 campos
697 3082 920 3158 haeroditarios

189 3167 235 3235 U:
249 3189 317 3252 sper
329 3185 523 3254 persuaserat
536 3183 593 3234 tuo
607 3169 708 3254 patri:

187 3255 225 3320 ln
239 3253 384 3320 dextram
400 3275 475 3320 vero
488 3271 575 3320 tuam
592 3255 855 3340 propulsatoriam

185 3341 313 3406 Claram
329 3343 482 3419 tradebat,
498 3343 618 3406 donum
633 3341 826 3405 ornamentis
841 3361 984 3405 vanuum.

184 3425 262 3492 Tibi
276 3442 393 3502 autem,
409 3449 477 3492 eam
493 3449 587 3514 quam
603 3427 678 3491 olim
693 3427 825 3492 vastavit
839 3425 933 3512 longo
942 3425 1156 3512 jaculantibus

184 3513 326 3602 sagittis,
342 3512 528 3578 OEchnlium
544 3515 690 3578 daturum
707 3513 909 3598 repromisit.

184 3598 267 3664 Tres
281 3621 357 3664 vero
371 3621 426 3662 ros
439 3600 608 3664 existentes
621 3598 737 3683 tripiici
753 3619 852 3685 regno

185 3683 282 3752 Pater
296 3685 476 3763 denotabat,
493 3686 583 3749 valde
596 3689 696 3750 elatus
710 3685 927 3772 magnitudine
942 3685 1050 3752 animi.

271 3793 346 3836 vero
359 3771 535 3860 deligsbsm
550 3772 680 3836 eximias
695 3791 835 3856 sponsas,
1122 3779 1187 3842 470

183 3769 360 3924 ligirium
374 3871 584 3936 contractura,
599 3871 630 3922 et
645 3879 685 3922 ex
702 3855 943 3921 Atheniensium
959 3877 1037 3944 agro

186 3942 229 4008 Et
245 3943 361 4028 Sparta
374 3957 406 4010 et
420 3943 541 4008 Thebis
556 3957 591 4010 ut
605 3943 767 4028 religatam
783 3943 925 4028 pulchris

187 4029 381 4096 listinaotrlis
396 4031 491 4095 vitam
507 4030 662 4095 haberetis
676 4029 811 4094 beatam.

186 4113 270 4180 Haec
285 4129 389 4182 tamen
403 4128 472 4181 sant
487 4116 638 4181 evanida:
663 4115 805 4180 Fortuna
818 4136 893 4180 vero
906 4129 1030 4182 nratsta

185 4201 323 4354 mnam
336 4201 463 4290 quidem
478 4203 570 4267 nobis
587 4201 701 4266 Parcas
716 4201 803 4267 dedit
817 4201 989 4280 habendas,

225 4309 235 4352 r

259 4289 270 4352 i
284 4311 360 4354 raro
374 4287 536 4376 lacrymas,
553 4289 713 4439 lavarrnsrn
724 4289 810 4354 :-O
827 4311 877 4356 me
891 4291 1036 4356 miseram
1048 4289 1103 4358 l·-

601 4398 622 4458 tt
637 4397 658 4460 q
