2794 4862
602 175 938 249 nnnrrlnts'

308 359 390 444 Spes
402 357 488 421 enim
504 367 554 420 eet
565 357 711 440 pomisne,
727 379 801 442 quse
816 357 930 420 mulus
944 355 1037 420 urbes
1052 355 1129 422 betto
1250 366 1308 422 480

309 442 491 518 Commisit,
506 442 638 506 effereus
652 442 848 506 iracundiam
863 455 957 506 extre
972 442 1113 507 modum.

308 529 421 604 Quum
436 530 522 592 euim
535 530 623 593 venit
635 528 754 593 bellum
767 527 809 592 ed
824 528 971 616 suffragiu
984 527 1128 608 civitatis,

308 613 428 680 Nullus
441 613 576 700 emplius
590 637 679 678 sunm
695 629 829 678 mortem
845 628 982 700 reputat,

307 701 372 780 Sed
386 700 450 763 boc
464 699 672 765 infortunium
689 701 721 763 iu
737 700 825 764 uliud
840 701 972 766 evertit:

309 787 345 850 Si
359 807 436 850 vero
449 799 531 851 esset
544 799 618 852 unte
632 786 742 851 oculos
758 809 845 850 mors
858 786 893 849 in
907 785 1030 852 calculo
1044 787 1187 865 ferendo,

308 873 484 957 Nunquam
501 872 631 938 Graecic
642 872 752 938 sureus
766 871 941 958 cupiditate
955 872 1030 937 belli
1043 873 1196 958 periisset

308 957 354 1022 Et
366 957 504 1022 duarum
517 979 627 1024 ornnes
641 959 787 1023 homines
801 959 962 1024 rationum

309 1042 483 1108 Meliorem
497 1046 614 1110 scimus
627 1058 660 1110 et
673 1045 760 1110 boue
773 1058 804 1110 et
820 1043 913 1122 melu,

309 1128 505 1216 Quantoque
521 1131 592 1195 Pax
610 1131 723 1196 melior
736 1133 777 1195 sit
792 1130 985 1206 bominibus,
1001 1151 1097 1217 quem
1113 1131 1249 1195 bellum:

307 1213 394 1289 Qum
407 1217 547 1300 primum
562 1217 692 1318 quidem
706 1235 753 1282 eet
767 1218 946 1366 qratissimn
964 1215 1077 1293 Musis,
1250 1227 1310 1283 49⁰

310 1301 524 1388 Coedibnsque
537 1303 676 1385 immine,
691 1315 725 1368 et
736 1303 778 1368 de
789 1315 913 1368 ectetur
927 1305 1145 1388 procreatione
1159 1302 1283 1382 sobolis,

308 1384 353 1452 Et
408 1386 486 1452 udct
499 1389 625 1454 divitiis.
671 1389 757 1454 Haec
771 1390 973 1466 dimittentes,
990 1389 1129 1474 improbi

308 1409 407 1538 Beli:
414 1475 614 1560 suscipimus,
629 1493 662 1540 et
675 1475 855 1541 inferiorem

308 1557 425 1623 Virum
442 1561 501 1624 riri
514 1561 686 1650 redigimus
700 1563 733 1624 in
747 1563 938 1636 servitutem,
954 1573 987 1625 et
1001 1561 1076 1625 urbs
1091 1562 1216 1627 urbem.

310 1643 364 1711 Tn
381 1668 456 1710 vero
470 1645 614 1712 homiues
628 1648 773 1712 Deorum
789 1647 904 1723 hostes,
921 1661 1064 1712 mortuos
1089 1670 1187 1712 uvare
1200 1647 1257 1727 ris,

313 1731 476 1818 Sepelieus
488 1745 522 1798 et
535 1755 660 1812 curans,
675 1755 755 1820 quos
768 1755 825 1799 suo
834 1733 961 1818 justitia
974 1671 1123 1818 perdidit

310 1819 388 1888 Nou
401 1842 479 1910 ergo
492 1833 578 1887 recte
592 1820 734 1907 Cepnnei
746 1818 879 1884 fulmine
892 1819 991 1884 ictum

313 1909 441 1994 Corpus
455 1907 557 1974 fumet
570 1911 601 1973 in
614 1909 704 1972 soniis
717 1909 839 1984 erectis,

312 1997 404 2073 Ques
417 1994 589 2088 admovens
602 1995 703 2080 portis
711 1995 830 2079 juravit
844 2015 877 2056 ee
891 1994 1003 2059 urbem

312 2081 516 2160 Deleturum,
533 2082 656 2148 volente
669 2094 701 2146 et
715 2078 843 2144 nolente
857 2078 948 2144 Deo:
994 2093 999 2102 '
1252 2085 1313 2144 500

313 2171 427 2257 Neque
441 2180 518 2235 recte
531 2169 635 2255 rapuit
652 2165 832 2253 Charybdis
846 2187 1013 2252 augurem,

313 2257 470 2343 Quadriju
563 2275 693 2321 currum
709 2251 920 2336 circumplexo
935 2252 1101 2338 voragine:

315 2344 444 2432 Aliique
457 2279 555 2412 (βαλεῖς
564 2345 672 2430 jacent
685 2339 724 2404 ud
740 2352 856 2425 portus,

316 2431 455 2498 contriti
470 2431 551 2496 sexis
564 2429 680 2494 ossium
695 2439 827 2490 subires.

315 2523 384 2586 Aut
399 2519 406 2534 '
432 2518 495 2583 'tur
507 2515 651 2604 glorieris
664 2525 696 2578 te
708 2512 780 2597 pius
793 2531 903 2594 sapere
916 2531 1012 2595 quom
1027 2511 1151 2588 Jovem‚

317 2608 385 2674 Aut
460 2627 475 2670 s
490 2602 622 2689 perdere
635 2603 735 2664 malos
750 2619 874 2698 equum
891 2610 979 2680 puta.

256 2713 266 2728 ⁴
317 2693 456 2779 Oportet
468 2691 565 2778 igitur
579 2689 733 2773 sapientes
746 2705 885 2770 primum
900 2683 1027 2768 quidem
1044 2705 1154 2747 emere
1168 2682 1292 2758 liberos,

315 2781 442 2847 Deinde
479 2789 610 2855 arentes,
626 2787 657 2838 et
672 2773 815 2857 petrium,
830 2791 924 2855 quom
940 2783 1069 2852 oportet
1083 2791 1211 2856 augere,

253 2903 259 2912 ·
316 2867 360 2933 Et
373 2887 438 2930 non
453 2801 607 2948 iiaugere.
655 2859 791 2924 Lubrica
803 2877 853 2919 res
866 2867 921 2934 est,
935 2853 1001 2918 dux
1017 2856 1105 2919 nitrio
1119 2855 1243 2954 eudox-

222 2997 227 3004 ·
317 2951 586 3036 Gubernatorque
601 2949 704 3011 navis:
729 2941 871 3028 placidus
883 2963 942 3025 pro
952 2953 1109 3026 tempore,
1120 2953 1169 3005 eet
1178 2961 1315 3026 sepiens:

317 3039 362 3103 Et
375 3037 436 3102 boc
453 3036 531 3101 mihi
545 3032 707 3108 fortitudo,
722 3027 890 3114 prudentie
905 3025 1023 3111 utiquc.
1254 3035 1312 3090 511

279 3174 288 3193 .
318 3125 401 3191 satis
415 3137 482 3188 erut
496 3123 621 3206 Jupiter
634 3117 798 3182 vindiceris
811 3113 934 3190 scelera,

318 3211 385 3276 Vos
399 3231 475 3274 vero
489 3231 553 3272 non
569 3205 735 3292 oportebat
750 3219 813 3266 tam
827 3198 1056 3265 conmmeliose
1070 3221 1176 3286 agere,

317 3298 350 3363 Ο
364 3296 506 3384 pessime.
550 3313 629 3359 run.
652 3291 775 3368 Tacite,
792 3286 936 3362 Adreste
952 3285 1130 3369 comprime
1145 3309 1192 3365 oe,

318 3383 364 3450 Et
375 3405 442 3448 non
456 3393 530 3446 ente
543 3401 631 3444 meos
647 3397 806 3443 sermones
821 3389 891 3436 tuos

319 3471 441 3538 Ponet:
464 3489 527 3532 non
544 3467 628 3531 enim
642 3465 728 3530 venit
741 3463 779 3526 od
795 3473 827 3524 te
841 3462 899 3522 iste
913 3479 1030 3541 praeco,

318 3557 381 3625 Sed
396 3555 436 3621 ed
452 3576 521 3620 me:
546 3575 618 3638 ergo
631 3575 690 3616 uos
705 3550 799 3614 etiem
814 3557 939 3630 oportet
952 3541 1156 3626 respondere.

319 3648 369 3710 Ao
381 3643 521 3730 primum
537 3639 665 3726 quidem
682 3637 719 3701 od
734 3633 838 3718 prime
851 3631 909 3696 tibi
924 3627 1145 3713 respondebo:

320 3731 395 3796 Non
410 3747 548 3816 agnosco
562 3747 622 3810 ego
638 3723 809 3788 Creontem
824 3717 990 3783 dominum
1006 3733 1124 3792 meum,

321 3817 432 3902 Neque
446 3814 517 3899 plns
530 3833 632 3898 posse,
650 3820 791 3892 utcognt
1259 3807 1324 3863 520

320 3902 462 3966 Athenas
476 3903 536 3964 ista
548 3896 669 3962 fecere:
694 3913 816 3956 sursum
832 3890 916 3953 enim
931 3888 1067 3952 fluerent

321 3987 385 4050 Res
400 3987 455 4066 itu,
470 3986 584 4072 sijussi
599 4001 728 4068 egemus
742 3977 871 4041 scilicet.

321 4071 445 4136 Bellum
461 4085 565 4136 autem
582 4069 643 4132 hoc
656 4087 718 4151 ego
731 4085 797 4127 nou
811 4063 938 4147 incipio,
1077 4111 1082 4118 .

320 4155 387 4232 Qui
403 4179 503 4242 neque
518 4177 590 4220 cum
606 4153 672 4217 istis
690 4153 720 4213 in
738 4149 851 4214 Codmi
867 4163 982 4212 terrem
998 4145 1052 4210 ivi.

319 4241 383 4306 sed
401 4255 597 4306 mortuorum
613 4238 776 4312 oddonem,
793 4233 990 4318 nou‘laedens
1006 4231 1131 4307 urbem,
