2854 4866
630 215 955 300 a-unrrrnrs

341 407 382 472 Et
397 407 510 494 aliquia
523 404 684 492 obliquam
699 409 780 471 viam

341 494 469 558 Vadena
482 492 545 558 lroc
558 492 659 556 diuet:
676 541 677 544 ,

325 579 425 646 'Hac
439 577 598 666 quondam
614 578 693 644 obiit
730 600 766 644 ro
781 579 859 658 viro,

340 669 371 734 N
374 688 436 731 unc
452 687 526 730 vero
539 677 586 729 eat
599 665 692 730 beata
706 601 789 746 l)ora,

340 752 442 830 Salve,
460 751 497 816 0·
506 753 691 828 veneranda,
706 765 738 816 et
751 753 836 816 bona
848 753 904 818 des
918 754 1007 816 uobis.

339 838 433 902 Talea
448 839 545 923 ipsam
562 839 742 903 salutabunt
756 859 856 902 voces.

343 925 450 1010 Atqui,
466 923 647 1002 arridetur,
663 925 716 988 hio
732 925 893 988 Alcmenae
908 923 1001 1002 lilius,
1037 935 1042 956 ¹

340 1011 485 1086 Admeto,
500 1011 540 1075 arl
556 1026 641 1075 tuam
656 1010 784 1074 domum
801 1014 896 1075 venit.

255 1097 393 1163 rannAd
403 1101 511 1166 'virum
527 1098 662 1161 amicum
676 1096 773 1162 libere
785 1096 872 1184 loqui
886 1110 1020 1183 oportet,

339 1183 483 1261 Admota,
500 1196 531 1248 et
545 1205 609 1248 non
625 1183 881 1268 reprehensiones
896 1185 928 1247 in
1002 1195 1071 1250 tore
1086 1187 1221 1255 retinere
1256 1201 1349 1260 1020

340 1269 530 1334 Tacentem:
552 1269 710 1356 egoenim
725 1271 787 1334 tuia
803 1269 892 1334 malis
908 1267 1047 1336 ruebam
1086 1289 1094 1296 “

340 1355 445 1441 Prope
458 1355 577 1419 distans
591 1355 751 1440 explorari
765 1357 900 1421 amicus:

340 1441 393 1505 Tu
408 1464 482 1506 vero
496 1463 560 1505 non
576 1441 684 1506 dixisti
698 1443 895 1528 propositum
910 1443 1043 1508 cadaver
1078 1503 1083 1516 ,

340 1527 423 1592 Tuoe
437 1529 595 1614 conjugia3
617 1528 670 1592 sed
687 1549 737 1592 me
751 1529 900 1612 excepisti
914 1529 1063 1615 hospitio,

340 1615 509 1700 Tanquam
524 1635 631 1678 curam
646 1614 764 1678 babens
778 1614 872 1679 alieni
888 1614 972 1680 mali.

340 1699 383 1765 Et
397 1701 546 1764 coronavi
560 1713 665 1786 caput,
682 1714 713 1765 et
727 1701 821 1764 libavi
836 1699 895 1764 diis

339 1786 522 1852 Libationea
537 1787 597 1850 tuis
608 1786 730 1850 aedibus
745 1787 960 1852 moerentibue

339 1873 554 1950 Quamobrem
570 1895 687 1958 queror
700 1895 785 1954 sane,
799 1895 914 1962 queror
927 1872 997 1938 haec
1012 1896 1137 1960 pareus:

339 1961 414 2022 Non
429 1971 533 2023 tamen
551 1973 583 2024 te
596 1959 669 2023 volo
683 1960 867 2024 contristare
880 1960 981 2024 malis.

340 2045 439 2130 Cujus
453 2067 528 2110 vero
543 2048 587 2108 rei
603 2067 698 2110 causa
712 2045 813 2122 venio,
830 2045 893 2109 huc
906 2067 1047 2112 reversus
1060 2049 1166 2113 ‹lenuo
1257 2061 1348 2120 1080

295 2129 304 2208 1
338 2131 465 2196 Dicam.
509 2131 607 2196 Hanc
619 2131 782 2196 mulierem
798 2155 899 2196 serves
913 2133 992 2196 mihi
1005 2149 1177 2220 emptam,

339 2215 452 2281 Donec
466 2217 625 2282 adduoena
640 2216 793 2281 Thracios
849 2239 903 2280 uos
918 2217 981 2283 huo

263 2379 266 2384 Ι
340 2303 488 2382 Rediero,
503 2240 1009 2390 intertectotyrannollaistonum.
1099 2343 1104 2358 ·

340 2388 461 2454 Nactus
485 2411 560 2452 rero
582 2405 708 2466 sortem,
733 2411 828 2476 quam
854 2405 994 2456 avertant
1020 2392 1085 2469 Dii,
1103 2394 1227 2459 utinam
1252 2397 1349 2462 euim

425 2475 549 2540 redeam

339 2558 394 2624 Do
408 2560 492 2626 hanc
507 2561 651 2626 ancillam
667 2576 731 2626 tuoe
746 2562 881 2626 familiae.

339 2647 435 2711 Venit
449 2662 551 2713 autem
565 2649 598 2711 in
611 2670 696 2712 meas
711 2671 898 2714 manustram
913 2651 1014 2714 multo
1028 2649 1154 2716 labore:

339 2733 472 2799 lurenio
486 2737 569 2799 enim
585 2733 705 2820 aliquos
720 2735 883 2820 publicum
899 2749 1058 2800 certamen

341 2819 498 2886 Ponontes
512 2819 646 2899 athletis,
662 2821 793 2908 dignum
808 2821 925 2898 labore,

341 2905 436 2971 Unde
450 2905 572 2972 abduco
586 2906 680 2984 hanc,
697 2907 862 2991 preamium
877 2907 1017 2972 victoriae

338 2993 526 3079 Accipieus:
549 2993 610 3056 illis
624 2993 720 3072 enim,
733 2995 787 3078 qui
803 2997 835 3058 ia
850 2995 1018 3059 levioribus
1031 2995 1208 3075 vinoebmt,
1225 2995 1353 3069 lioebnt

339 3075 448 3163 Equos
461 3079 628 3157 abducere,
645 3079 705 3142 illis
719 3103 804 3158 vero,
819 3081 873 3165 qui
888 3083 922 3144 iu
936 3082 1134 3169 gravioribus
1255 3095 1348 3154 1041

338 3163 526 3242 Vineebant,
543 3169 577 3228 in
591 3167 734 3250 pugilatu
748 3181 779 3231 et
792 3166 890 3246 lucta,
904 3181 1063 3244 armentu

338 3247 459 3314 Mulier
472 3272 547 3314 vero
561 3265 716 3336 praeterea
783 3252 931 3317 uebatur:
952 3255 1030 3318 milri
1041 3275 1117 3318 vero
1131 3255 1304 3341 inoirleuti,

336 3337 445 3422 Turpe
459 3336 567 3401 firiaaet
579 3275 830 3438 gloriosulllroc
845 3337 968 3404 lucrum
983 3339 1152 3428 negligere.

337 3422 468 3501 Verum,
485 3436 520 3487 ut
534 3422 612 3500 dixi,
628 3425 685 3488 tibi
700 3439 825 3510 oportet
839 3447 925 3490 curae
939 3447 1006 3490 esse
1019 3425 1102 3490 hanc
1116 3427 1310 3497 mulierem:

337 3507 412 3573 Non
426 3510 510 3573 enirn
525 3509 683 3587 furtivam,
700 3513 752 3574 serl
769 3534 840 3575 cum
856 3511 965 3577 labore
978 3512 1110 3598 adeptus

336 3595 454 3673 Venio;
477 3608 619 3680 ternpore
633 3610 739 3662 autem
754 3614 785 3661 et
800 3613 832 3660 tu
847 3599 926 3661 milri
940 3599 1056 3682 gratias
1070 3619 1144 3688 egea
1157 3599 1312 3670 fortasse.

296 3727 304 3744 .
337 3681 449 3768 Neque
463 3696 494 3747 te
508 3695 721 3759 contemnens,
736 3705 839 3769 neque
853 3685 935 3748 inter
949 3685 1094 3750 inimicos
1107 3707 1231 3772 ponens

336 3767 445 3832 Celari
461 3789 540 3831 meae
554 3770 697 3856 conjugia
711 3771 839 3834 miserae
853 3770 1062 3837 oalamitatest

337 3853 398 3919 Sed
414 3853 522 3918 fuisset
532 3855 609 3917 milri
625 3855 718 3920 dolor
728 3855 781 3920 hic
794 3855 920 3921 additus
934 3857 1047 3934 dolori,
1257 3871 1358 3933 1050

336 3939 371 4002 Si
386 3939 491 4004 ivisses
505 3941 545 4005 ad
557 3941 636 4006 alius
652 3941 781 4026 hospitia
795 3942 897 4007 edes:

336 4025 419 4088 Satia
435 4027 518 4090 enim
536 4026 613 4090 mihi
628 4025 689 4092 fuit
703 4029 763 4092 hoc
778 4050 884 4093 meum
897 4027 1065 4114 deplorare
1078 4029 1209 4094 malum.

337 4109 507 4175 Mulierem
523 4133 608 4190 vero,
623 4115 647 4177 ai
664 4137 727 4200 quo
742 4115 839 4179 modo
852 4115 936 4194 lioet,
951 4137 1010 4180 oro
1024 4131 1069 4196 te,
1083 4134 1148 4191 rex,

257 4218 262 4226 ·
337 4195 444 4261 Alium
460 4197 607 4282 aliquem,
622 4203 675 4284 qui
691 4223 755 4265 non
771 4203 812 4266 sit
826 4223 945 4288 passus,
961 4201 1066 4286 qualia
1080 4221 1152 4288 ego,
