2862 4864
246 239 311 299 sss
639 225 951 296 uunrerms
1033 207 1037 217 '

245 403 451 468 oanGenere
476 398 604 487 quidem
629 398 714 472 beati
738 423 855 482 sumus,
882 400 937 474 sed
964 398 1050 488 quod
1075 399 1117 470 ad
1144 399 1340 474 summitates

418 495 541 569 spectat,

337 574 367 637 0
383 595 482 650 soror,
498 587 609 640 nostra
623 571 811 642 infelix-rita
824 571 894 642 suit.
1276 583 1342 646 080

249 679 321 726 rea.
332 657 404 742 Ego
421 662 533 726 misera
547 657 609 726 hoc
623 673 754 744 experta
768 681 850 740 sum,
863 658 992 745 quando
1006 681 1110 732 ensem

334 744 385 809 Ad
399 745 552 826 cervicem
568 747 674 829 posuit
686 744 765 814 mihi
780 747 874 812 miser
884 759 984 830 pater.

248 851 328 897 ona.
339 831 402 896 Hei
416 829 513 896 mihi!
538 831 646 898 videor
661 833 745 900 enim
760 853 824 898 non
839 854 978 916 presens
992 843 1024 896 te
1037 831 1142 902 ridere
1155 832 1210 898 ibi.

249 917 408 984 rra.Sine
425 915 616 1003 Hymenaeo,
633 917 665 982 Ο
679 916 786 996 frater,
802 917 937 986 Achillis

336 1003 390 1068 Ad
405 1002 508 1070 cubile
523 1005 706 1088 nuptiarum

336 1089 586 1156 quduientum
602 1112 699 1178 quum
716 1089 870 1158 ducebar:

334 1174 378 1240 Et
392 1177 476 1240 eirca
491 1197 579 1242 aram
593 1187 684 1242 erant
698 1175 880 1262 lachrymae,
897 1189 929 1248 et
942 1175 1054 1246 luctus,

337 1259 425 1338 Heu,
442 1260 524 1328 heu!
548 1261 684 1341 lavucro,
699 1285 767 1346 qua
781 1263 824 1330 ibi
840 1263 944 1332 eraut!

249 1369 324 1412 oar.
335 1347 509 1432 Deploravi
524 1361 555 1412 et
569 1371 630 1436 ego
644 1349 807 1416 audaciam
821 1371 915 1436 quam
924 1361 1020 1498 puter
1034 1370 1127 1418 ausus
1141 1361 1199 1422 eti·

131 1471 135 1480 ,
249 1432 510 1522 rra.1ndignum
524 1448 623 1518 poue,
639 1433 806 1521 indignum
821 1448 911 1522 patre
937 1453 1024 1506 atum
1039 1448 1131 1504 nacta
1146 1457 1227 1508 uum.
1277 1444 1343 1510 8⁴10

336 1519 410 1584 Aiia
425 1543 500 1584 vero
514 1543 554 1584 ex
571 1521 640 1586 aliis
655 1535 840 1608 sequuntur.

250 1626 325 1671 oea.
337 1607 371 1670 Si
387 1621 477 1671 tuum
492 1604 633 1688 fratrem,
649 1607 682 1674 Q
696 1609 821 1686 misera,
838 1611 952 1678 cadens
966 1605 1153 1692 perdidisses

338 1692 487 1756 Numinis
501 1694 632 1778 aiicujus
646 1693 755 1758 sato—-

251 1779 365 1845 remo
378 1779 491 1843 misera
505 1777 633 1844 nefandi
647 1777 813 1844 facinoris!
838 1781 958 1846 atrocia
973 1802 1047 1844 ausa
1057 1801 1140 1859 sum,

336 1865 468 1929 Atroeia
482 1889 557 1930 susa
572 1888 653 1942 sum,
670 1865 702 1932 Ο
716 1866 761 1929 mi
776 1863 890 1933 irater!

336 1949 442 2026 Quam
458 1952 512 2016 vix
528 1951 665 2038 effugisti
679 1953 808 2037 impiam
822 1975 933 2024 necem

337 2035 422 2101 Meis
436 2035 616 2102 interiectus
632 2039 787 2108 manibus.

336 2121 414 2188 Post
428 2122 498 2188 haec
512 2146 587 2188 vero
601 2125 671 2208 quis
685 2127 830 2194 malonem
844 2125 915 2196 finis
930 2127 1009 2196 trit?

335 2208 419 2285 Quae
433 2207 561 2275 fortuna
575 2209 656 2274 mihi
668 2213 747 2296 quod
760 2213 852 2295 rapio
866 2207 1043 2278 concedet?

336 2295 444 2372 Quam
458 2296 516 2360 tibi
530 2297 694 2362 solutorem
708 2297 862 2362 rationem
878 2295 1040 2372 inveniens
1277 2305 1344 2364 050

337 2381 477 2446 Rursum
491 2382 533 2447 ab
548 2383 605 2446 imo
618 2384 758 2466 regione,
774 2395 803 2448 ot
817 2384 858 2448 ab
873 2405 950 2450 nece
964 2385 1123 2454 remittam

337 2467 478 2533 Patriam
492 2469 525 2532 in
542 2469 702 2568 Argivum,

337 2554 526 2640 Priusquam
542 2567 576 2619 tu
592 2575 624 2618 tn
640 2577 744 2620 ensem
759 2555 791 2618 in
807 2556 961 2644 sanguine
974 2568 1032 2623 tuo

337 2639 502 2705 Luctens?
523 2641 584 2706 hoc
599 2652 688 2706 tuum
703 2653 757 2718 est,
773 2643 805 2708 Ο
819 2645 936 2712 misera
949 2642 1065 2719 anima,

337 2727 509 2813 Negotium
525 2727 676 2805 invenire,

338 2813 457 2880 Utrum
472 2831 565 2890 terra,
582 2835 646 2880 noo
664 2815 748 2894 navi,

339 2899 403 2966 Sed
418 2899 533 2986 pedum
548 2900 670 2985 impetu

337 2985 440 3050 Morti
456 2987 497 3058 sis
512 2987 833 3090 appropinquaturus,
844 3010 904 3071 per
919 2986 1067 3058 barbaras
1079 2997 1191 3073 gentes

337 3071 381 3137 Et
393 3095 449 3154 per
462 3085 612 3138 transitus
627 3074 727 3138 invios
742 3072 882 3142 vadens?
904 3095 961 3158 per
976 3073 1121 3160 Cyaneos
1136 3094 1214 3138 sane

337 3160 484 3245 Angusto
499 3173 602 3224 meatu
617 3159 767 3245 praeditos
782 3159 937 3246 scopulos,
954 3170 996 3229 est
1009 3160 1141 3247 longum
1156 3159 1218 3229 iter
1233 3179 1331 3224 aava

252 3267 267 3288 ⁸
336 3243 359 3308 li
375 3242 469 3330 iugae,
1277 3253 1344 3312 860

336 3331 466 3408 Misera,
484 3331 595 3395 misera
608 3352 672 3396 sum
687 3333 763 3418 ogo!

337 3417 419 3494 Quis
434 3417 532 3504 igitur
545 3418 578 3482 iu
593 3417 642 3482 his

336 3507 401 3568 Aut
417 3503 516 3579 Deus,
532 3517 588 3568 aut
602 3503 751 3582 mortalis,
767 3517 823 3570 aut

337 3590 437 3656 Casus
451 3590 563 3677 aliquis
576 3591 753 3676 insperatus

335 3677 430 3741 Viam
446 3675 627 3764 impeditam
643 3675 816 3762 expediens

335 3764 436 3828 Nobis
449 3761 575 3828 duobus
590 3763 663 3827 solis
679 3763 802 3830 Atridis
816 3761 960 3830 ostendet

336 3849 447 3914 Finem
462 3851 641 3914 maiorum?

248 3934 422 4000 caolnter
435 3935 601 4014 mirabilia,
614 3948 647 4001 et
660 3933 743 4000 ultra
758 3933 879 4000 fabulas

335 4019 420 4085 Haec
436 4023 503 4110 ipsa
516 4023 592 4099 vidi,
608 4035 640 4085 et
654 4021 784 4086 audiens
799 4020 967 4086 nunciabo.

252 4125 325 4172 eru.
334 4105 459 4171 Amicos
469 4109 576 4194 utique
585 4108 640 4193 qui
652 4117 805 4172 venerunt
814 4109 846 4172 in
858 4121 1065 4191 conspectum
1076 4103 1265 4184 amisorum,
1278 4115 1345 4176 870

335 4195 365 4258 Ο
380 4191 516 4270 Orestes,
532 4217 660 4280 aequum
671 4203 716 4258 est
730 4217 762 4258 ee
778 4194 923 4258 manibus
938 4209 1049 4260 mutuo
1063 4189 1254 4278 complecti:
