2852 4862
496 209 792 282 Tltoanus
1129 223 1194 290 419

182 387 334 474 Excipiet
349 401 398 454 te:
422 387 601 470 lamentare,
619 389 811 458 Onetor-

100 477 263 544 uec.Heu
279 476 342 541 heu
359 475 419 540 hau
436 475 518 542 heal
565 499 641 544 atro.
668 477 873 546 Mortuerum
889 477 1155 548 ammarionea.

100 585 174 632 uec.
184 563 262 630 Heu
278 561 366 641 milri,
383 561 483 628 mihil

97 673 169 716 crta.
182 649 261 716 Heu
277 651 375 738 igitur
389 652 427 714 ab
442 665 496 716 tua
511 651 721 720 iatoiembilia
735 649 838 718 malai
1108 661 1189 720 1220

99 757 219 890 mla
232 736 558 890 etiiuilliliciliirlillr
569 737 705 904 1111111131,
713 736 1108 892 fasstceiglizgiffiffiuo,

180 911 311 978 Cetera
322 927 427 978 autem
443 911 529 996 apud
546 925 686 980 manuos
700 911 824 978 attrabit
838 925 929 998 pater
943 925 1027 982 taus.

97 1017 170 1066 cuo.
180 997 301 1064 Tunde
315 999 414 1066 tunila
428 1003 525 1064 malm
540 1021 592 1066 ea·

177 1085 426 1238 gtthfflutetum
440 1085 536 1238 edsius
550 1085 699 1238 aelerlrum
716 1085 766 1152 hei
781 1085 878 1154 mihil
907 1087 997 1170 (mihi
1012 1083 1036 1167 1)

98 1191 171 1238 ute.
225 1195 243 1238 e
303 1195 416 1238 rmrmae
431 1191 577 1240 mutares

94 1279 170 1324 cuo.
183 1257 333 1338 Hecuba,
348 1259 432 1324 clare
445 1259 604 1346 eloquere,
619 1283 715 1348 quam
733 1283 843 1326 rooem
857 1259 947 1326 odia?

97 1345 254 1414 aratam·
270 1359 339 1412 erat
353 1345 450 1435 igitur
464 1346 550 1432 apud
565 1347 642 1414 deos
657 1347 756 1425 aliud,
773 1347 832 1410 nisi
850 1349 906 1410 irae
922 1359 1058 1428 tautum,

180 1432 223 1498 iit
237 1433 337 1522 Troja
352 1455 419 1518 proe
433 1433 582 1500 omnibus
597 1434 728 1500 urbibus
742 1435 839 1500 ineisa
854 1447 933 1512 eret,

179 1521 311 1586 Frustra
325 1521 422 1608 igitur
436 1519 691 1587 merilioavimus.
737 1521 771 1587 Si
788 1543 863 1586 vero
878 1521 968 1586 Deus
982 1543 1047 1588 nou
1104 1529 1185 1592 1000

178 1609 351 1674 Evenisset
364 1629 417 1672 aas
429 1629 565 1692 superae
579 1608 729 1696 dejiciens
744 1607 827 1674 infre
841 1621 968 1685 terram,

177 1693 348 1760 Obscuris
372 1709 459 1758 entes
475 1716 537 1758 nan
554 1693 705 1760 celebrati
719 1716 859 1760 essemus

178 1783 207 1846 Α
226 1782 259 1846 M
265 1781 337 1860 usis,
349 1716 465 1846 ianas
480 1783 620 1848 earmina
634 1783 767 1868 posteris
782 1779 973 1846 mortalium.

178 1867 349 1944 Dimitte,
367 1869 515 1933 miserum
532 1869 664 1934 cadaver
680 1867 804 1933 tantulo
818 1867 964 1953 sepelite:

176 1953 288 2020 Habet
309 1956 406 2030 euim,
428 1954 696 2041 quemadmodum
722 1957 878 2032 ermvenit,
903 1969 1101 2020 mortuorum
1128 1954 1183 2018 lto-

262 2061 368 2108 nores.

178 2126 338 2194 Existimo
352 2141 456 2194 autem
474 2150 537 2192 mm
554 2127 688 2194 multum
706 2130 856 2194 interesse
873 2141 1083 2206 mortuorum,

179 2213 212 2278 si
228 2213 299 2298 quis
314 2213 463 2280 sortiatur
478 2215 650 2298 locupletes
664 2213 797 2280 inferias.

178 2299 253 2452 {iae
267 2301 352 2364 enim
369 2315 491 2368 tentum
506 2317 554 2366 est
569 2303 671 2366 inanis
686 2323 803 2388 pompa
819 2302 1000 2366 virentium.

95 2405 168 2450 cua.
196 2411 226 2462 o,
242 2409 292 2452 ro:

177 2471 299 2540 Misera
311 2489 423 2556 muter,
459 2498 509 2540 uae
524 2495 656 2564 mugnus
1100 2481 1183 2540 teto

176 2561 254 2648 Spes
269 2561 345 2625 vira
359 2585 380 2626 a
394 2576 425 2625 te
438 2499 593 2639 ltmaviu

176 2645 305 2714 Etcum
323 2646 414 2714 valde
430 2651 539 2714 bratus
553 2648 788 2725 existimaretis,
803 2647 889 2736 quoti
905 2669 946 2712 ex
960 2647 1146 2732 parentibus

176 2732 345 2800 Nobilibus
360 2735 401 2800 ais
416 2747 609 2820 procreatus,

177 2821 308 2887 Crudeli
325 2835 426 2888 morte
440 2821 571 2908 petiisti.

94 2907 235 2985 aramis,
251 2907 305 2973 ab.

175 2993 341 3072 Quasnam
353 2995 457 3060 lliaais
472 2995 504 3061 in
520 2995 568 3060 his
584 2995 752 3062 verticibus

177 3081 278 3148 Video
291 3082 452 3148 flammeas
469 3103 580 3149 menae
595 3081 734 3150 torribus

174 3169 363 3260 Agitantea'i
384 3167 496 3256 Trojee

173 3255 300 3323 Novum
314 3255 444 3344 aliquod
461 3257 578 3322 malum
594 3255 707 3322 aderit.

92 3359 160 3408 rat..
175 3341 278 3446 Edico
301 3343 537 3430 manipulorum
561 3343 760 3426 ductoribus,
781 3343 835 3430 qui
857 3342 1021 3406 constituti
1043 3339 1118 3404 estis
1138 3338 1180 3404 ad

174 3429 528 3593 Priaii'ioliiarlineiilt'i'm,
544 3536 585 3581 ne
598 3511 735 3602 amplius
750 3515 883 3582 otiosam
898 3515 1059 3580 flammam
1098 3431 1182 3492 mo

171 3603 208 3668 la
224 3602 373 3669 manibus
387 3605 526 3678 servetis,
542 3599 597 3668 sed
614 3603 718 3691 ignem
735 3602 891 3690 injiciatis,

172 3687 217 3758 Ut
231 3689 376 3758 funditus
391 3711 499 3756 avana
515 3689 565 3756 ilii
581 3689 670 3767 urbe,

175 3775 366 3868 Navigamus
380 3775 512 3842 domum
528 3775 647 3842 alacres
661 3799 682 3841 a
696 3773 806 3860 Troja.

171 3863 234 3930 Voa
250 3879 368 3942 autem,
385 3867 434 3948 (ut
447 3863 533 3930 idem
548 3881 652 3929 sermo
667 3861 783 3928 lrabeat
796 3861 876 3928 diras
891 3861 1032 3940 formae)

172 3951 229 4034 lie,
245 3951 464 4038 Trojanorum
479 3951 596 4038 proles,
611 3949 732 4014 elerum
747 3951 875 4034 quando

171 4036 360 4128 Clangorem
377 4037 464 4103 tabe
479 4037 626 4103 dederint
639 4037 736 4100 duces
751 4037 920 4110 exercitus,

172 4125 221 4190 ad
237 4149 334 4193 naves
349 4125 552 4200 (iterantem,
570 4139 605 4189 ut
621 4123 773 4210 navigatis
789 4145 828 4188 ea
842 4121 900 4186 lter
913 4135 1010 4186 terra
1060 4175 1063 4184 .

169 4209 221 4276 Τι
234 4235 322 4292 νοω,
340 4213 375 4278 Ο
388 4231 471 4278 aaut
483 4209 661 4278 miserrima
675 4207 799 4286 mulier,

172 4297 327 4386 &querar
352 4301 482 4368 veniunt
497 4299 572 4364 mim
588 4297 629 4364 ad
644 4311 675 4362 te
690 4297 731 4360 ab
748 4297 861 4384 Ulysee
877 4298 963 4360 tristi
1100 4293 1181 4358 1060

587 4405 609 4450 tt
624 4407 642 4448 e
657 4391 676 4448 2
