2852 4862
266 255 328 314 488
644 241 963 308 EURIPIDIS

354 414 568 483 Mudefnciene
582 437 646 480 non
661 416 816 480 sitientem
839 429 994 496 ventrem,
1016 418 1049 482 in
1072 437 1221 483 somnum
1238 429 1345 482 tenon-
1414 423 1415 438 *

437 503 540 566 'icietr
1294 512 1346 572 ⁵70

355 591 389 657 si
405 526 482 676 quid
496 611 571 652 vero
586 589 756 676 reliqueris,
772 590 920 653 arefaciet
935 601 968 654 te
986 589 1138 655 Bacchus.

269 699 337 744 cuc.
350 677 416 762 (Iu,
433 676 490 757 iu.)
506 685 541 738 ut
556 676 679 740 enotavi
695 677 757 751 vix,
774 697 897 739 meraco
911 685 957 738 eet
971 674 1042 740 haec
1055 677 1212 763 voluptas.

355 761 483 828 Coelum
497 783 573 825 vero
587 761 664 825 mihi
681 760 804 826 videtur
817 763 1019 826 oommistum

354 849 456 914 Terre
469 847 554 926 ferri,
568 847 657 912 Iovis
670 849 765 912 etium
781 847 932 912 thronum

354 936 466 1012 Video,
482 949 514 998 et
527 935 667 998 omnium
683 934 828 1000 Deorum
843 949 986 1000 sanctum
1001 955 1131 999 numen.

354 1020 430 1086 Non
444 1022 628 1086 osculabor:
650 1035 823 1106 procantur
837 1043 888 1085 me
903 1020 1056 1086 Charite&

352 1106 522 1184 Quiescem
537 1121 704 1172 contentus
719 1107 778 1172 isto
793 1107 980 1192 Ganymede

356 1193 539 1257 Rectissime
553 1214 610 1276 per
626 1193 771 1258 Gratias:
795 1192 933 1258 delector
947 1205 1052 1258 nutem
1088 1193 1306 1260 undummodu

356 1281 528 1344 Puerorum
544 1280 703 1343 amoribus
720 1280 828 1366 magis,
844 1301 937 1364 quern
955 1279 1077 1344 mulieri
1101 1302 1147 1344 us.

268 1387 330 1430 siu.
355 1365 425 1454 Ego
439 1365 522 1430 enim
538 1387 607 1428 sum
621 1364 709 1429 Iovis
724 1365 936 1450 Ganymedes,
1004 1363 1103 1450 clopu.
1283 1375 1349 1433 ’580

268 1473 339 1518 erc.
356 1452 407 1516 Ito
421 1475 478 1536 per
491 1451 613 1529 Iovem,
629 1473 723 1537 quem
737 1474 797 1538 ego
812 1452 902 1537 rapio
915 1474 956 1517 ex
1007 1473 1131 1540 arguro.

268 1559 331 1603 sir..
356 1539 446 1614 Perii,
464 1538 496 1603 0
512 1535 586 1600 filii:
610 1537 706 1621 impio
722 1539 822 1622 pntinr
839 1537 930 1603 mdo.

269 1646 342 1690 cuc.
360 1623 576 1708 Reprehendis
590 1639 760 1688 amatorem
776 1623 910 1689 fastuose
925 1639 956 1688 te
1012 1625 1054 1688 ris
1066 1637 1099 1689 et
1113 1627 1146 1688 in
1161 1623 1301 1710 potum?

269 1731 331 1775 su..
356 1709 423 1774 Hei
438 1708 536 1774 mihi!
561 1710 794 1776 acerbissimum
808 1710 923 1776 fastum
938 1710 967 1774 vi
991 1711 1052 1774 ebo
1066 1713 1139 1777 cito.

270 1817 346 1862 utr.
355 1797 450 1885 Agite
465 1818 561 1877 nuuc,
575 1797 713 1884 Dionysi
727 1795 795 1872 lilii,
809 1799 953 1885 generosi
963 1797 1067 1949 pueri,

355 1883 445 1948 Intus
459 1884 542 1948 enim
558 1885 623 1947 vir:
646 1906 758 1948 somno
772 1899 875 1948 nutem
891 1905 963 1947 reso
976 1896 1056 1961 ntus,

355 1969 429 2034 Cito
442 1991 481 2034 ex
496 1971 584 2034 tetris
597 1969 739 2034 Ducibus
753 1970 855 2056 ejiciet
869 1991 990 2033 cernes.

354 2052 398 2120 Et
411 2055 505 2119 torris
519 2057 551 2118 in
566 2055 639 2120 aule
652 2054 772 2120 fumum
788 2056 912 2120 emittit.

356 2139 505 2227 Nihilque
519 2141 603 2205 uliud
615 2143 681 2226 jum
698 2143 869 2225 perandum
886 2155 991 2218 restet,
1006 2143 1064 2206 uisi
1081 2155 1116 2206 ut
1130 2164 1261 2208 uramus

355 2226 503 2313 Cyclopis
516 2225 663 2291 oculum:
687 2228 740 2290 sed
757 2231 826 2292 uide
840 2243 875 2292 ut
890 2229 1002 2292 vireis.
1291 2237 1351 2294 ⁵90

268 2333 345 2378 cuo.
357 2313 433 2376 Sexi
449 2315 546 2376 robur
561 2329 591 2378 et
606 2313 781 2378 adamantis
794 2313 990 2380 habebimus.

353 2399 526 2488 Ingredere
538 2413 642 2464 eutem
658 2400 798 2478 domurn,
815 2403 997 2486 priusquam
1012 2413 1103 2486 poter
1118 2400 1258 2484 potietur

354 2485 489 2549 Foedum
527 2486 590 2561 uid,
607 2485 679 2570 qnin
696 2508 745 2550 res
761 2487 817 2550 tibi
833 2501 906 2552 sunt
944 2501 1039 2552 aretae
1054 2485 1117 2550 hic.

270 2507 583 2636 urr.Vulcaneltex
602 2571 740 2649 AEtnoee
757 2573 851 2637 vicini
866 2510 942 2637 moll

355 2657 512 2722 Lucidum
529 2657 727 2723 inflammans
740 2659 866 2724 oculum
882 2659 982 2724 libero
995 2669 1028 2722 te
1041 2656 1149 2722 semel.

355 2743 397 2808 Et
412 2759 463 2822 tu,
474 2744 506 2809 O
521 2747 621 2831 nigrae
638 2745 748 2810 Noctis
762 2747 880 2810 Somne
894 2745 1032 2826 alumne,

355 2829 504 2896 Meropus
518 2832 624 2896 venies
639 2830 752 2896 belluae
766 2831 826 2896 diis
840 2833 988 2907 iuimicae,

355 2915 399 2982 Et
412 2939 453 2981 ne
466 2930 537 3002 post
550 2917 779 3002 pulcherrimos
794 2919 952 3003 Trojanos
970 2917 1095 2982 labores

356 3003 397 3066 Et
411 3018 522 3067 nautes
536 3017 569 3067 et
581 3005 682 3090 ipsum
696 3004 837 3104 perdetis
852 3003 1000 3092 Ulyssem

355 3088 417 3153 Per
431 3090 509 3153 hunc
522 3089 635 3168 virum,
651 3112 705 3177 qut
721 3113 778 3155 nec
792 3091 881 3156 Deos
895 3113 954 3156 nec
968 3089 1111 3154 hominen
1124 3103 1228 3156 curet.
1287 3097 1351 3156 6⁰⁰

353 3176 418 3239 Ant
435 3175 607 3239 Fortunam
622 3174 749 3262 quidem
761 3189 888 3260 oportet
900 3176 1078 3242 existimare
1093 3177 1210 3258 Deum,

352 3259 496 3326 Deorum
511 3283 586 3324 vero
600 3283 706 3326 numen
721 3263 861 3328 Fortuna
875 3262 1012 3328 inferius.

268 3366 346 3410 cuo.
358 3345 616 3428 Comprehendet
630 3347 695 3412 col·

351 3433 417 3497 lum
432 3433 566 3498 firmiter
578 3432 701 3521 forceps

354 3517 735 3605 Hospitumepulutoris:
758 3543 833 3586 mox
848 3523 931 3587 enim
948 3523 1020 3608 igne

355 3605 493 3670 Lucider
506 3607 615 3706 perdet
628 3606 764 3692 pupillae

351 3691 423 3756 Jnm
440 3705 534 3756 torris
549 3695 727 3758 ambustus:

353 3777 540 3843 Occultetnr
554 3779 587 3842 in
602 3779 706 3844 cinere
721 3780 842 3846 urboris
856 3781 967 3868 ingens
981 3801 1095 3844 remus

353 3863 416 3928 Sed
431 3879 481 3930 eut
497 3864 636 3930 Moron:

353 3949 415 4014 Exi
458 3967 584 4034 tpoenue
598 3951 757 4035 pollutus:

351 3973 485 4101 Aullellut
498 4037 682 4124 palpebram

352 4121 511 4208 Cyclopis,
527 4137 562 4188 ut
577 4123 740 4190 infeliciter
755 4123 851 4190 bibet

349 4207 393 4271 Et
406 4230 424 4271 e
480 4209 981 4300 ornantem-hederae-gestotiones
996 4209 1158 4276 Bacchum

352 4295 432 4358 Amr
456 4293 526 4360 ilem
543 4295 647 4361 ridere
661 4297 744 4376 volo,
