2828 4864
441 207 777 282 PHOENISSAE.
1081 227 1141 288 117

72 377 258 442 manum
272 377 363 446 dulit
376 379 515 448 formnae
529 382 652 450 fatum?

9 497 10 548 3
70 481 137 527 αι
150 461 191 528 u
203 485 286 530 unuc
299 469 466 552 sepultura
478 491 605 556 poeoam
620 471 682 537 det.

9 553 11 576 '
73 569 142 613 aar.
149 549 223 626 Quo
236 569 367 636 peccaro
380 558 558 635 oommiaeo,
574 559 697 624 niumm
715 559 816 648 Regni
837 573 957 646 partem
973 561 1142 650 quaesivitl

71 653 140 700 m.
151 635 322 724 Insepultus
337 640 398 706 erit
411 640 464 706 hic
478 645 535 722 vir,
550 656 585 708 ut
598 646 686 710 aciae.
959 705 966 720 .

72 739 142 784 tn.
228 745 303 790 vero
316 747 390 790 eum
406 727 564 812 sepeliam,
579 730 674 795 etiam
689 731 714 794 sl
728 731 894 816 prohibeat
911 733 995 799 urbs.

70 825 141 870 (ιι
180 811 298 894 dmm
312 835 393 900 ergo
406 813 535 900 repellet
548 838 620 880 eum
634 815 695 882 hoo
709 818 869 884 cadavere.
1057 829 1140 888 1660

9 925 10 936 ¹
73 901 189 962 mut
201 897 373 986 gloriosum
389 911 433 964 ert
446 899 588 986 protecto
599 901 681 968 duos
694 905 810 969 amicos
821 907 927 991 jacere
940 905 1043 971 simul.

71 983 335 1052 mPrclreudite
348 985 442 1067 hanc,
457 989 778 1072 etportatedomum.
960 1025 967 1032 ·

74 1089 140 1132 tur.
148 1067 361 1158 Nequaquam,
377 1095 441 1138 uon
456 1077 540 1138 euim
554 1074 727 1162 relinquam
743 1075 804 1142 hoc
818 1077 959 1144 cadaver.

71 1175 138 1220 cut.
150 1157 294 1224 Decrevit
305 1159 406 1237 Deus,
422 1161 455 1226 Ο
469 1161 569 1249 virgo,
584 1183 647 1225 uon
664 1185 736 1248 quae
750 1164 807 1227 tibi
822 1163 975 1229 videntur.

73 1243 461 1312 manuducatum
483 1261 548 1326 eat3
575 1269 638 1312 uon
660 1271 727 1312 esse
748 1250 938 1316 contumelio
963 1249 1139 1316 afficiendos

227 1349 379 1400 mortuos.

72 1437 137 1482 cu.
149 1421 190 1484 At
204 1421 308 1486 nullut
322 1421 405 1486 circa
420 1419 506 1486 hunc
520 1436 617 1506 ponet
630 1423 755 1487 mollem
771 1423 942 1508 pulverem.

72 1505 230 1582 thuin
245 1521 287 1586 te,
304 1505 420 1584 creon,
435 1529 492 1592 per
507 1521 637 1572 matrem
652 1507 733 1574 banc
746 1509 939 1575 Joeaaten-

70 1611 137 1654 m.
148 1591 304 1658 inutiliter
317 1593 458 1670 laboraa3
481 1615 544 1658 uon
560 1595 643 1658 enim
658 1599 857 1684 consequeris
872 1595 951 1660 haec.

71 1677 195 1744 tur-Tu
209 1701 285 1744 vero
298 1679 407 1744 saltem
422 1679 556 1744 cadaver
570 1701 650 1766 aqua
664 1680 769 1746 lavare
782 1703 833 1746 mo
847 1684 923 1746 siue.

70 1763 251 1832 munem
267 1763 327 1830 hoc
341 1765 435 1830 fiterit
448 1765 679 1850 prohibitorum
696 1767 776 1832 urbi.
1056 1773 1137 1836 1670

71 1853 220 1918 asine
233 1851 353 1934 saltem,
369 1867 404 1917 ut
418 1852 502 1916 cirea
515 1875 597 1916 saeva
611 1851 741 1917 vulnera
754 1851 863 1916 fascias
882 1873 1009 1937 ponam.

70 1959 136 2002 can.
147 1937 243 2004 Nullo
256 1938 352 2004 modo
366 1953 400 2002 tu
416 1939 510 2004 istum
525 1937 693 2003 honorabis
708 1953 877 2002 mortuum.

72 2023 176 2090 aruo
189 2023 488 2176 Qfflbpfiatcr,
503 2023 611 2090 saltem
634 2047 669 2088 os
691 2037 780 2090 tuum
797 2023 891 2088 labris
912 2023 1067 2110 applicitis
1080 2045 1138 2090 ex·

9 2119 10 2140 l
378 2133 403 2175 r·
756 2115 761 2128 '

70 2217 136 2264 cu.
145 2197 213 2264 Nec
226 2195 378 2263 mxima
392 2196 600 2262 calamitatem
614 2195 699 2262 luctu
717 2199 835 2281 nuptiis
851 2197 923 2262 tois.
974 2261 980 2268 ,

73 2287 196 2350 utun
211 2305 350 2370 unquam
366 2283 462 2385 igitur
476 2283 582 2348 vivens
596 2283 712 2348 nubam
728 2283 795 2346 filio
809 2281 888 2348 tuo?

72 2369 250 2436 tnnMnlta
263 2383 432 2436 neccarum
445 2369 607 2434 incumbit:
651 2369 789 2434 uoenim
805 2369 933 2456 effligies
948 2366 1096 2454 nuptiae?
1233 2409 1246 2440 ,

75 2457 218 2523 anso:
232 2457 328 2558 igitur
342 2454 396 2520 illa
409 2455 538 2520 habebit
555 2477 606 2519 me
656 2455 802 2520 anaidum
817 2477 922 2520 unam.

72 2543 296 2608 uat'idimne
310 2541 439 2619 lacinus,
455 2564 549 2628 quam
565 2540 698 2627 superbe
714 2541 754 2604 sit
769 2540 909 2605 minata?

74 2628 244 2694 “effutis
258 2629 298 2694 ait
312 2631 440 2704 ferrum,
457 2642 489 2691 et
501 2625 624 2712 gladius
637 2627 800 2714 adjuratus
813 2626 901 2690 milti.

71 2717 251 2792 rauQnare
264 2737 339 2780 roro
353 2715 443 2800 cupia
456 2712 582 2779 liberari
597 2713 637 2778 ab
653 2711 701 2776 hia
716 2713 857 2798 nuptiis?
1055 2721 1137 2780 1680

70 2801 275 2892 amingum
291 2823 353 2866 una
368 2823 440 2866 cum
455 2800 630 2865 miserrimo
643 2797 704 2864 hoc
717 2813 817 2885 patre.

71 2889 323 2954 mommo·
332 2888 456 2952 animoa
466 2885 534 2964 tibi,
543 2899 576 2952 et
585 2897 736 2972 praeterea
747 2883 878 2950 stultitia
887 2883 1034 2972 quredam
1046 2885 1137 2950 ineat.

74 2975 248 3042 omnum
264 2997 328 3038 uua
342 2975 471 3051 moriar,
489 2985 523 3037 ut
536 2973 615 3037 aclas
629 2971 774 3056 amplius.

72 3059 174 3136 canl,
189 3083 253 3126 nou
267 3059 391 3126 occides
405 3059 505 3124 tilium
520 3081 641 3124 meum:
665 3057 771 3144 linque
785 3071 912 3121 terram.

71 3167 127 3212 uu.
145 3144 178 3211 0
190 3145 265 3222 filia,
279 3145 376 3210 laudo
390 3145 517 3233 quidem
532 3159 563 3210 te
576 3161 707 3231 propter
721 3159 807 3208 tuam
822 3141 1114 3228 promptitudinem.

74 3253 137 3296 ur.
148 3233 209 3298 Sed
222 3233 248 3296 ai
263 3233 425 3308 puberem,
440 3246 472 3297 et
485 3245 520 3296 tu
535 3231 619 3295 aolus
635 3229 767 3316 sugeres,
782 3243 916 3314 pater-

9 3387 10 3396 ,
70 3339 126 3382 un
145 3319 242 3385 ldaue
255 3317 338 3396 l'elix,
354 3341 415 3406 ego
429 3339 499 3382 mea
513 3315 609 3382 leram
625 3316 780 3402 patienter
792 3314 885 3378 mala.

72 3407 225 3482 uuQuia
238 3427 314 3470 vero
327 3421 359 3468 ra
372 3425 492 3470 crucum
507 3401 640 3480 curabit,
655 3399 767 3488 pater?

72 3511 130 3556 uu
145 3491 279 3568 caum,
294 3489 475 3577 ubicunque
488 3489 567 3554 milri
581 3487 678 3554 btum
694 3499 749 3565 eat,
761 3485 873 3574 jacebo
887 3485 920 3549 in
935 3505 1059 3570 campo.

72 3577 209 3645 munt
222 3591 327 3644 auteur
342 3575 484 3662 OEdipua
497 3575 560 3652 illa,
576 3587 607 3640 ct
619 3572 737 3660 inclyta
750 3567 941 3656 unigmata?
1054 3577 1137 3636 1690

70 3681 126 3728 uo.
146 3664 256 3730 Periit:
278 3685 343 3728 una
356 3663 487 3728 dicante
501 3661 616 3738 beavit,
632 3674 665 3726 et
679 3681 742 3724 una
756 3681 807 3724 me
819 3655 968 3744 perdidit.

71 3749 278 3834 quponer
291 3771 369 3838 ergo
382 3761 415 3814 et
430 3771 480 3813 mc
516 3747 679 3832 articipem
694 3745 762 3810 fieri
779 3759 905 3811 tuorum
921 3743 1086 3806 malorum.

69 3855 124 3900 on.
143 3835 255 3922 Turpe
267 3849 316 3902 eat
328 3835 457 3900 exilium
472 3771 546 3898 filim
560 3855 633 3898 cum
648 3853 734 3897 caeco
748 3846 847 3916 patre.

72 3921 302 3990 mutuum
316 3921 443 4009 quiden
459 3943 522 3986 uon
537 3929 581 3986 ert
594 3931 694 4002 turpe,
709 3919 761 3982 aed
779 3919 955 3992 lubricatum,
969 3923 1068 3998 pater.

70 4027 122 4074 ott
140 4009 303 4076 Adducito
315 4007 415 4096 igitur
429 4028 490 4086 me,
506 4020 542 4070 ut
556 4005 709 4092 attingam
724 4017 856 4068 matrem
871 4013 966 4064 tuam.

72 4095 243 4170 nullom
373 4115 468 4158 manu
482 4091 666 4157 charissima
679 4111 787 4154 anum.

69 4197 120 4246 un
137 4183 170 4248 Ο
185 4195 302 4258 mater,
364 4181 481 4266 conjux
496 4177 682 4242 miserrima.

71 4265 428 4350 nullimodajaoet,
444 4265 563 4331 babens
576 4263 669 4328 simul
685 4261 790 4326 omniu
805 4257 896 4324 mala.

572 4371 583 4412 r
602 4359 620 4414 3
