2828 4864
678 170 1008 284 nuriuunrs

374 388 492 456 Matris
504 397 626 474 pertus,
635 399 674 454 'et
686 387 846 474 pioouium
858 388 974 474 petris:

376 476 461 554 Qum
475 473 603 561 quidem
617 476 886 562 consanguineum
899 475 933 538 in
947 472 1174 544 lecumunit

376 561 534 640 Genuisti
544 559 577 626 Ο
591 571 676 626 terra
688 561 844 638 Thebane,
852 560 989 649 genuisti
1003 559 1176 648 quondan,
1190 561 1302 642 (epod.
1314 557 1397 640 isio

376 649 555 714 Barbarum
570 659 607 712 ut
619 646 736 712 famam
749 647 866 724 audivi,
882 646 988 712 audivi
1002 645 1163 733 quondum
1179 643 1213 709 in
1230 645 1381 721 edibus,

376 737 409 802 A
422 734 497 800 feris
509 736 643 814 nutrito,
657 733 786 798 rubrum
800 732 937 800 habente
950 733 1078 798 eristum
1091 732 1234 796 drneone
1247 743 1360 798 ortu

377 823 489 887 Genus
503 842 545 886 ex
560 819 705 884 dentibus
717 834 838 896 natum,
855 819 977 885 Thebis
991 817 1245 904 pulcherrimum
1259 818 1387 884 decus:

375 907 564 975 Harmonioe
578 927 654 972 vero
667 906 744 970 olim
758 906 799 971 ed
812 907 941 991 nuptias

377 995 542 1060 Venerunt
555 993 695 1058 ooelestes
708 992 764 1070 dii,
780 991 965 1078 cithereque
976 991 1096 1057 moenio
1109 989 1309 1058 'I'heburum

376 1079 635 1166 Amphioniuque
648 1103 668 1142 u
680 1079 750 1165 lyra
763 1079 861 1144 turris
874 1078 1011 1144 surrexit

376 1167 587 1232 Geminorum
600 1165 768 1231 fluminum
781 1163 898 1229 vudum
913 1165 997 1230 circu
1008 1163 1150 1228 medimn

375 1253 501 1330 Diroes,
515 1251 909 1316 viridesherbasslenem
925 1273 997 1337 quse
1010 1271 1158 1335 eampum

376 1343 460 1404 Ante
474 1337 635 1402 ismenum
649 1339 746 1424 riget:

377 1424 486 1512 loque,
502 1426 669 1512 cornigera
682 1425 761 1501 erio,

378 1511 592 1577 Cndmeorum
608 1532 696 1597 reges
708 1510 836 1598 genuit:

377 1597 611 1684 Innumernque
623 1595 709 1660 bonu

378 1684 452 1748 Alis
466 1683 535 1748 uiiis
550 1696 732 1768 permutans

376 1769 463 1836 Urbs
476 1768 547 1834 haec
560 1769 594 1833 in
609 1771 739 1849 summis
828 1815 833 1826 .

380 1855 474 1922 Stetit
489 1855 605 1922 Mortis
618 1855 761 1943 fastigiis.

291 1964 362 2010 rin.
376 1943 497 2008 Ducite
511 1942 652 2020 ulterius,
668 1945 700 2006 0
716 1941 798 2005 filiu:
821 1940 898 2028 quie
911 1959 997 2004 coeeo
1010 1939 1085 2024 pedi

376 2028 432 2094 Tu
445 2051 479 2094 es
493 2027 615 2106 oculus,
630 2029 711 2092 sicut
725 2027 816 2092 stela
828 2025 949 2092 nautis:

377 2113 457 2180 Huc
471 2114 503 2178 in
519 2113 648 2200 pinnum
665 2113 766 2178 solum
780 2113 945 2199 vestigium
961 2133 1082 2195 ponens
1096 2133 1215 2188 meum,

378 2199 567 2278 Praecedito,
583 2222 624 2265 ne
637 2201 866 2288 impingamus:
890 2197 1052 2262 imbecillis
1066 2210 1115 2262 est
1128 2211 1222 2282 puter
1236 2207 1338 2275 tuns,-

380 2286 572 2353 Servsmihi
588 2286 718 2352 tabelias
732 2287 864 2352 sortium
879 2285 1021 2372 virgines
1033 2305 1141 2360 manu,
1326 2295 1400 2350 840

376 2373 468 2449 Ques
481 2373 600 2459 aceepi,
614 2395 739 2438 servans
753 2372 887 2460 augurio
900 2371 1006 2434 ovium

378 2459 418 2524 ln
432 2459 528 2523 moris
542 2459 679 2538 sedibus,
693 2457 747 2522 uhi
762 2458 925 2524 vaticinor.

377 2547 408 2609 Ο
422 2543 468 2608 fili
485 2544 664 2620 Menoeceu,
681 2561 754 2610 nete
770 2543 928 2621 Creontis,
943 2541 997 2607 die
1010 2541 1099 2618 mihi,

377 2630 484 2708 Quum
499 2629 597 2718 longo
610 2645 658 2695 est
672 2630 792 2716 reliqua
807 2629 892 2694 urbis
906 2629 957 2693 viu

376 2717 432 2782 Ad
445 2729 536 2782 tuum
550 2714 696 2802 putrem?
717 2719 792 2802 quia
804 2739 890 2803 genu
904 2737 1009 2779 meum
1024 2713 1234 2802 defetigatum
1248 2729 1313 2794 est,

377 2803 535 2870 Crebrum
548 2803 632 2868 enim
646 2825 835 2889 promovens
848 2823 990 2888 gressum
1004 2822 1091 2886 segre
1104 2801 1253 2868 conficio.

291 2910 365 2956 cun.
377 2890 527 2964 Confide;
551 2911 652 2974 prope
664 2889 759 2966 enim,
776 2888 808 2954 0
824 2889 956 2963 Tiresia,
972 2887 1090 2951 amicos
1104 2899 1176 2952 tuos

377 2975 537 3061 Appulisti
552 2975 666 3060 pedem
679 2990 785 3040 tuum:
808 2987 915 3039 teneus
929 2996 1013 3051 eum,
1030 2972 1093 3036 fili:

376 3060 465 3138 Quin
477 3063 581 3126 omnis
595 3062 686 3148 spino
695 3060 792 3136 dorsi,
802 3074 838 3135 ,et
851 3083 907 3146 pes
921 3060 1014 3138 senis,
1029 3056 1109 3124 solet

375 3146 494 3212 Munus
508 3146 1009 3232 externaeexpectnrelevuminu.
1326 3157 1400 3215 8⁵0

289 3254 359 3298 rut
376 3233 465 3310 Rsto,
481 3235 644 3311 adsumus3
667 3233 744 3323 quid
758 3255 853 3300 vocas
867 3254 919 3298 me
933 3247 998 3298 tum
1012 3231 1167 3308 eeleriten
1184 3228 1326 3296 Creon?

290 3341 368 3386 cun.
375 3319 530 3386 Nondum
544 3320 636 3385 obliti
652 3343 777 3397 sumus3
800 3319 856 3384 sed
870 3341 1011 3384 convoca
1024 3317 1122 3384 robur

377 3405 420 3471 Et
450 3407 595 3492 spiritum
618 3406 741 3494 collige,
764 3407 891 3492 ejiciens
911 3403 1159 3483 anhelationem,
1181 3423 1281 3489 quam
1308 3427 1399 3472 oon-

461 3494 585 3558 traxisti
599 3494 633 3558 in
648 3493 708 3556 vin.

288 3599 357 3646 mn.
373 3579 503 3644 Labore
516 3577 682 3668 defatigor,
696 3603 717 3644 n
731 3593 815 3644 terro
829 3577 1069 3645 Atheniensium

374 3665 454 3731 Huc
468 3665 621 3731 deductus
635 3667 791 3750 superiori
804 3664 874 3730 die:

373 3753 460 3818 Nem
474 3751 584 3817 stillio
597 3751 759 3837 quoddsm
774 3765 843 3817 eret
857 3749 974 3816 beilum
988 3762 1100 3816 eontra
1116 3745 1331 3834 Eumolpum,

375 3836 474 3924 Cujus
486 3837 645 3926 gloriosos
658 3837 792 3902 victores
805 3861 866 3926 ego
881 3837 1092 3902 Athenienses
1104 3833 1182 3910 seci3

374 3921 418 3988 Et
432 3923 515 3989 hono
529 3944 658 3988 aureum
672 3945 834 4001 eoronum.
851 3945 947 4010 quem
962 3921 1062 4002 vides,
1076 3921 1192 3998 hebro,

372 4010 542 4094 Accipiens
556 4008 711 4095 primitias
725 4009 898 4096 spohorum
915 4008 1088 4074 hostilium.

287 4093 478 4160 cmonren
494 4096 783 4180 reputoviotrieem
798 4109 1069 4162 tuumeoronum:
1323 4105 1399 4168 860

373 4179 412 4245 In
427 4202 547 4268 mugnis
560 4183 645 4247 enim
659 4181 800 4268 protelis
813 4183 907 4268 positi
922 4205 1042 4258 sumus,
1057 4181 1139 4246 siout
1154 4179 1163 4242 i
1203 4200 1221 4240 e
1236 4178 1308 4256 sris,

374 4265 455 4332 Belli
472 4273 674 4347 Graeoorum,
690 4283 722 4334 et
736 4291 887 4354 maguum
903 4284 1062 4334 oertmnen
1078 4279 1121 4334 est
1192 4263 1273 4330 ehis.
