2852 4862
267 201 330 272 400

646 201 975 270 teuntPlnts

354 381 390 446 si
410 379 495 445 euim
509 375 586 465 quid
608 375 736 456 dixeris,
752 379 984 478 propterquod
1005 379 1160 446 irtacum
1180 379 1240 447 tibi
1261 401 1343 447 extr·

311 501 314 508 ,
437 465 526 540 citus,

352 553 465 640 Neque
480 550 647 638 sepelietur
660 552 719 616 iste
733 572 824 637 puer,
838 573 860 616 n
902 574 941 616 ue
955 551 1118 637 planctum
1133 565 1342 642 consequatur,

352 638 477 703 Tacena
491 659 565 702 vero
579 636 806 725 commodeque
820 660 860 724 pe
888 659 977 703 erens
991 637 1051 704 hos
1064 661 1165 720 casua,

353 723 460 810 Hujus
476 745 539 788 non
554 723 745 808 insepultum
760 724 916 810 relinques
929 724 1073 804 cadaver,

354 809 397 876 Et
411 825 444 874 tu
459 811 530 896 ipsa
542 810 641 874 uteris
657 812 779 876 Graecis
793 810 994 896 aequioribus.

313 939 321 962 r
350 896 383 963 0
397 896 586 974 charissime,
603 894 636 961 O
650 895 696 960 tili
711 895 788 960 mibi
802 919 1003 983 summopere
1017 897 1140 976 dilecte,
1288 904 1344 967 740

352 981 494 1048 Moriere
507 982 550 1046 ab
563 980 715 1058 hostibus,
730 994 862 1046 matrem
878 984 1022 1049 miseram
1038 984 1231 1072 relinquens.

352 1067 509 1134 Nobilitas
522 1081 626 1132 autem
642 1069 740 1154 patris
754 1069 799 1132 tui
815 1081 846 1133 te
860 1069 1043 1148 interficiet,¹

351 1154 449 1232 Quod
463 1153 532 1218 aliis
546 1154 638 1219 saluti
652 1177 718 1219 esse
731 1154 828 1220 solet:

351 1242 394 1306 Et
408 1241 505 1305 virtus
520 1241 618 1326 patrie
632 1241 689 1304 tibi
704 1262 768 1304 non
784 1253 963 1326 opportune
978 1243 1073 1307 venit.

351 1328 383 1393 Ο
397 1327 493 1392 lectos
510 1349 594 1390 meos
609 1323 746 1391 infelices
760 1342 791 1392 et
805 1327 942 1412 nuptias,

349 1413 474 1490 Quibus
489 1412 559 1476 veni
574 1413 734 1497 quondam
748 1414 781 1476 in
796 1412 927 1477 domum
944 1412 1107 1494 Hectoris,

349 1499 423 1565 Non
439 1521 499 1586 ego
513 1514 548 1563 ut
563 1498 703 1582 paritura
718 1499 875 1564 victimam
893 1497 1028 1576 Graecis,

351 1585 415 1652 Sed
429 1598 465 1650 ut
478 1584 642 1648 dominum
657 1584 767 1650 fertilis
782 1585 878 1649 Asiae.

350 1671 453 1747 Ofili,
469 1670 645 1758 lacrymas?
666 1672 761 1736 sentis
776 1686 830 1736 tua
844 1671 948 1736 mala?

353 1757 441 1834 Quid
455 1779 507 1822 me
519 1757 652 1837 corripis
667 1759 812 1823 manibus
827 1769 859 1822 et
873 1756 1042 1843 prebendis
1056 1769 1172 1823 vestem
1280 1767 1338 1828 750

349 1843 397 1908 Ut
409 1842 515 1930 pullus
529 1843 668 1908 condens
681 1858 713 1909 te
726 1847 784 1908 sub
799 1865 884 1908 meas
897 1841 985 1908 alas?

350 1930 423 1994 Non
438 1931 542 1994 veniet
557 1929 692 2007 Hector,
708 1929 856 2016 inclytum
871 1930 1024 2015 arripiens
1038 1928 1171 2010 haam,

348 2015 401 2080 Ex
416 2030 497 2081 terra
512 2037 665 2093 reversus,
680 2015 738 2081 tibi
752 2017 855 2081 ferens
869 2017 1012 2091 salutem,

349 2102 462 2188 Neque
475 2103 623 2188 coguatio
681 2103 749 2180 tris,
765 2125 867 2188 neque
879 2101 979 2166 robur
995 2101 1176 2188 Phrygum:

348 2186 412 2253 sed
426 2187 596 2252 miserabili
657 2201 691 2253 tu
706 2189 737 2251 in
754 2189 905 2252 cervicem
922 2211 940 2252 e
953 2187 1077 2252 sublimi

348 2273 474 2338 Cedens
488 2273 554 2338 sine
568 2275 848 2356 commiseratione,
863 2289 948 2338 tuam
964 2275 1058 2338 vitam
1073 2273 1202 2339 efflabis.

346 2363 376 2423 Ο
391 2374 534 2424 tenerum
549 2360 695 2424 ulnarum
706 2373 864 2448 gestamen
880 2361 973 2425 matri
987 2359 1221 2426 charissimum!

347 2443 490 2510 Odulcis
505 2446 619 2509 balitus
633 2447 775 2531 corporis
789 2445 796 2510 l
823 2447 951 2511 Frustra
966 2445 1062 2534 igitur

347 2531 384 2596 ln
399 2530 502 2596 fasciis
515 2530 594 2596 aluit
607 2546 639 2596 te
652 2531 722 2596 hrec
737 2553 884 2598 mamma.

346 2619 475 2682 Frustra
488 2619 582 2682 ctiam
600 2618 738 2682 laboravi
751 2632 783 2683 et
797 2617 940 2684 confecta
954 2641 1024 2682 sum
1038 2618 1209 2684 laboribus.
1278 2625 1338 2686 760

347 2703 379 2767 N
382 2726 454 2784 unc,
469 2705 587 2768 utinam
600 2705 714 2768 iterum
723 2725 874 2792 unquam,
886 2718 1018 2770 matrem
1027 2705 1235 2792 complectere
1242 2715 1338 2784 tuam,

347 2791 466 2855 Accide
480 2793 520 2855 ad
535 2805 667 2855 matrem
684 2803 777 2870 tuom,
792 2805 824 2856 et
837 2791 968 2856 brachia

346 2875 508 2941 Circunda
523 2899 594 2941 meo
608 2891 699 2966 tergo
713 2892 744 2942 et
759 2876 881 2964 applica
897 2900 942 2942 os.

345 2960 378 3027 0
392 2961 557 3028 barbarica
571 2964 784 3051 excogitantes
799 2964 905 3028 Groeci
920 2961 1014 3039 mala,

344 3048 412 3112 Cur
427 3048 601 3113 interficitis
615 3051 701 3114 hunc
714 3071 846 3136 puerum
862 3047 1086 3114 innocentem?

344 3135 376 3198 Ο
392 3133 596 3217 Tyndareum
611 3157 752 3222 germen,
767 3157 930 3222 nunquam
944 3157 1013 3200 eras
1024 3135 1201 3216 Jorisfiliu,

343 3217 428 3285 Dico
441 3219 525 3283 euim
539 3235 572 3284 te
585 3235 691 3284 natam
705 3245 771 3286 ease
785 3245 826 3286 ex
837 3221 944 3286 multia
956 3221 1111 3308 patribus,
1276 3223 1280 3230 ’

345 3305 634 3457 ΡνίωΙιιωιέυἰᾶειη
657 3328 698 3370 ex
716 3319 805 3390 putre
824 3307 909 3372 malo
932 3307 1048 3385 Genio,
1070 3307 1186 3372 deindo
1206 3327 1281 3372 vero
1295 3328 1334 3372 ex

447 3413 498 3456 nvr
523 3414 551 3457 ra

342 3476 386 3541 Et
401 3477 500 3542 Caede
513 3490 546 3544 et
554 3439 676 3556 lllorte,
692 3489 721 3544 et
735 3501 932 3566 quaecunque
944 3479 1037 3544 tellus
1050 3478 1107 3543 ulit
1120 3477 1212 3544 mala.

342 3565 415 3628 Non
445 3564 529 3629 enim
555 3581 694 3651 unquam
722 3588 784 3652 ego
808 3567 907 3630 ausim
937 3564 1043 3630 dicere
1067 3565 1182 3632 Jovem
1209 3577 1242 3630 te
1264 3585 1335 3651 pro·

426 3649 563 3729 duxisse,
1276 3653 1337 3726 770

342 3734 466 3802 Pestem
482 3737 590 3802 multis
606 3737 755 3804 Barbarie
769 3751 801 3800 et
815 3738 950 3803 Graecis.

342 3821 475 3888 Pereasl
500 3845 539 3908 pr
581 3835 629 3888 tar
644 3826 728 3888 anim
743 3821 971 3908 pulcherrimos
985 3822 1098 3888 oculor

340 3907 494 3992 Turpiter
508 3912 559 3975 inc
569 3923 642 3997 ytos
658 3910 822 3998 Phrygum
836 3931 965 3996 campos
978 3909 1155 3996 perdidisti.

339 3993 445 4080 Agite,
460 3995 549 4072 ferte,
564 3997 762 4082 praecipitate,
772 4017 857 4073 eum,
873 3997 901 4062 si
913 3996 1114 4083 precipitare
1126 3995 1248 4085 placet:

340 4077 522 4163 Epulamiui
538 4082 630 4169 liujus
644 4103 763 4160 carnes,
779 4105 799 4146 a
812 4081 873 4147 diis
887 4084 971 4150 enim

342 4163 507 4244 Periimus,
524 4181 555 4232 et
569 4192 589 4234 a
601 4168 669 4234 lilio
683 4191 746 4234 nou
762 4189 924 4254 possemus
1025 4211 1035 4230 ·
