2882 4858
466 254 470 266 ·
562 232 685 307 loll
1099 251 1163 326 apa

100 435 106 446 ·
169 405 357 494 Conjugem,
375 415 410 470 ut
423 403 504 470 uiuat
519 418 549 472 te
562 404 679 472 habere
694 428 764 471 meo
777 419 901 496 aceplra
915 421 1018 493 terrae.

168 490 279 558 Iouem
295 513 370 556 vero
383 491 514 561 nomino
527 503 568 568 te,
584 496 703 558 nomine
715 491 851 560 fortunae
865 499 1078 577 conveniente,

169 575 219 642 Eo
232 577 319 666 quod
333 573 504 666 egredienti
520 575 596 648 mihi
615 601 656 644 ex
669 578 789 665 templo
803 579 866 646 Dei

167 663 219 728 'i'u
235 663 357 748 primur
371 663 545 729 occurristi.
590 663 699 741 Quare
713 665 886 733 amicorum

168 747 299 816 Cretum
310 771 516 837 congregans,
527 750 668 836 jucundo
682 751 834 816 sacrificio

168 834 287 913 Saluta,
303 834 468 903 relicturus
484 835 670 922 Delphicam
684 837 853 905 civitatem.

169 919 268 986 vobis
282 943 368 998 vcro,
380 919 511 997 ancille,
528 921 618 988 edico
633 937 668 988 ut
682 925 808 992 taceatis
821 923 902 1004 hoec,

167 1007 235 1074 Aut
249 1008 274 1072 ri
289 1009 380 1072 uxori
395 1029 473 1072 meoe
488 1007 631 1072 dixeritis
645 1009 791 1078 denutroio
806 1023 948 1080 mortem.

79 1113 150 1158 rou.
168 1091 356 1166 Proficiscar
368 1115 446 1180 ego:
469 1092 524 1160 eed
535 1116 634 1160 unum
649 1093 726 1160 mihi
742 1095 781 1162 ad
797 1093 951 1164 fortunam
967 1099 1074 1170 deeat:
1097 1107 1162 1170 670

169 1177 236 1244 Nini
251 1179 334 1244 enim
351 1179 518 1262 inveniann,
533 1203 606 1266 quae
620 1203 670 1246 me
684 1183 813 1270 peperit,
828 1193 930 1269 puter,

166 1263 310 1416 ¹⁰⁵⁰?
326 1263 391 1330 rita
405 1265 496 1331 uobis
517 1269 590 1330 erit.-
614 1267 648 1334 Si
668 1271 743 1352 quid
758 1290 832 1334 vero
846 1271 926 1338 votis
945 1283 994 1336 ert
1015 1285 1163 1358 expeten-

273 1372 338 1430 um,
653 1424 657 1438 ⁸

165 1435 300 1504 Utinam
314 1437 356 1503 eit
368 1437 473 1504 Attica
487 1437 599 1506 mulier
613 1461 684 1526 qure
699 1462 749 1506 me
766 1441 895 1526 peperit,

165 1519 213 1588 Ut
227 1521 303 1588 mihi
317 1523 358 1590 ait
371 1547 392 1588 o
406 1536 503 1590 matre
514 1520 642 1590 libentes
655 1523 814 1612 loquendi.

165 1608 200 1674 Si
215 1607 284 1694 quie
297 1609 382 1674 enim
396 1607 508 1698 hospes
523 1609 668 1676 inciderit
681 1611 715 1674 in
730 1635 840 1698 puram
857 1611 1023 1692 civitatem,

164 1691 355 1783 Quanquam
370 1695 498 1760 nomine
511 1695 587 1760 ciris
602 1697 653 1776 sit,
668 1709 772 1764 tamen
788 1721 823 1762 oa

165 1779 284 1846 Servile
297 1781 427 1858 obtinet,
443 1795 474 1846 et
489 1803 552 1848 non
568 1781 665 1848 babet
680 1781 829 1870 loquendi
846 1783 1047 1851 libertatem·

73 1865 262 1932 cuaVideo
276 1867 401 1954 quidem
415 1866 569 1954 lacrymae
582 1883 614 1934 et
628 1867 775 1959 lugubria
1080 1871 1160 1952 (atr.)

165 1950 239 2017 Alia
254 1951 395 2019 luctuum
410 1953 550 2032 exordia,

164 2037 304 2116 Quando
318 2061 387 2106 mea
400 2038 530 2108 domina
541 2039 680 2106 subolem
1096 2049 1160 2106 680

165 2121 319 2192 Maritum
334 2147 416 2190 mont
431 2123 549 2190 habere
562 2127 648 2204 aciei,

164 2209 179 2274 1
251 2232 325 2276 nero
339 2209 450 2277 sterili·
464 2209 556 2278 fuerit
570 2226 602 2280 et
615 2233 725 2278 careus
739 2213 856 2280 liberis.

210 2295 255 2360 fili
272 2295 405 2362 Latouoe
417 2295 571 2378 Vaticiue,
587 2297 671 2386 quod
686 2312 720 2364 tu

162 2379 337 2448 Oraculunr
351 2379 502 2449 edidisti?
859 2443 862 2452 .

163 2465 261 2534 Unde
269 2460 450 2536 adolescens
464 2469 522 2535 iate
535 2469 618 2535 circa
634 2483 688 2536 tua
703 2469 819 2558 templa

162 2551 310 2620 Nutritue
323 2553 471 2632 adolevit,
486 2579 524 2622 ex
539 2579 601 2644 qua
617 2557 746 2622 muliere
761 2555 874 2624 nulus?

162 2637 237 2706 Non
250 2641 335 2708 enim
350 2639 427 2708 mihi
442 2641 582 2708 arrident
597 2643 733 2724 oracula,

164 2723 214 2792 Ne
228 2749 322 2814 quem
338 2725 474 2795 habeant
489 2727 606 2794 dolum.

163 2811 278 2878 Metuo
293 2835 398 2878 casum
415 2813 503 2892 lunae,
783 2877 787 2884 .

162 2895 326 2975 Quorsum
341 2901 382 2964 ait
396 2921 544 2964 evasurus
1096 2905 1160 2965 690

161 2983 346 3050 Absurdusz
368 2983 506 3052 absurda
519 2985 604 3050 enim
618 2985 787 3052 denunciat
802 2983 887 3064 mihi,

162 3068 313 3136 Narranti
327 3087 401 3136 vero
415 3071 587 3158 auspicata.

163 3155 274 3220 Habet
288 3178 360 3222 reru
375 3179 451 3244 opes
466 3171 497 3224 et
511 3157 690 3222 felicitatem
703 3155 757 3224 hic
772 3179 851 3244 puer

160 3241 213 3308 ab
228 3241 289 3306 alio
304 3243 439 3309 nutritus
454 3243 616 3331 sanguiue.

161 3327 243 3407 Quia
258 3350 321 3393 uon
336 3327 386 3394 hit
400 3325 608 3396 assentietur?

161 3413 330 3494 Oamicae,
345 3427 450 3482 utrum
466 3437 544 3480 meoe
559 3415 697 3480 domium
712 3411 782 3480 haec
797 3427 904 3500 aperte
1065 3415 1159 3498 (ant.)

163 3501 202 3566 lu
217 3521 326 3566 aurem
341 3499 427 3566 clara
441 3523 516 3568 voce
531 3501 682 3581 dicemur,

160 3585 214 3652 De
227 3587 353 3664 merito,
367 3587 402 3652 iu
416 3610 480 3676 quo
495 3587 602 3655 omnia
615 3586 734 3654 habena
748 3587 881 3674 reporilu
894 3587 961 3674 spei

163 3671 326 3760 Particepe
340 3688 408 3738 erat
421 3669 558 3740 misera?

161 3759 258 3824 Nunc
272 3759 355 3824 enirn
370 3759 425 3826 ille
439 3760 566 3848 quidem
582 3758 725 3824 obruitur
741 3757 841 3834 melis,
856 3756 909 3823 hic
923 3780 998 3824 vero
1012 3755 1086 3824 felix
1101 3769 1158 3834 eat,

159 3843 212 3909 Ad
227 3866 339 3910 canam
354 3863 509 3912 uuecum
525 3845 720 3930 perveniens,
735 3843 865 3914 meritur
878 3867 952 3912 vero
1096 3851 1157 3914 701

158 3929 209 3996 Ab
223 3931 331 3998 amieis
344 3953 410 3998 uou
423 3931 590 4000 emollitur.

160 4015 272 4094 Mirer,
288 4016 343 4105 qui
358 4019 485 4086 veniens
500 4033 651 4084 externus
666 4017 698 4082 in
713 4017 826 4082 domus

160 4099 299 4190 Magnae
313 4125 390 4190 opes
403 4127 468 4168 uun
484 4105 616 4170 removit
631 4101 763 4170 felicem.

160 4187 283 4266 Pereat,
299 4205 408 4278 pereat
421 4191 471 4256 ille
484 4191 539 4279 qui
554 4191 715 4256 dominam

160 4271 297 4362 Derepit
312 4298 429 4342 meam:

576 4369 667 4426 002
