2862 4864
253 217 318 283 sto
408 305 422 332 ,
633 190 967 280 unhrrrnrs

152 384 158 391 ’
258 410 336 458 ons.
347 389 436 468 Quid
450 409 526 454 vero
539 411 734 478 cognoscens
748 387 818 453 hoec
832 389 904 474 plna
918 387 1059 468 habebis,
1076 389 1109 456 0
1122 391 1258 458 mulieri

257 499 329 543 reu.
343 477 461 545 Utrum
477 475 552 541 estis
565 475 675 541 fratres
690 491 731 540 etr
741 494 812 563 ,una
825 488 928 540 matre
941 473 1063 562 geniti?

257 585 332 628 ons.
345 563 493 628 Amicitia
507 584 593 640 sane,
609 583 673 626 non
688 574 764 626 natu
779 574 884 626 tamen
899 561 1010 626 fratres
1026 581 1145 640 sumus,
1162 564 1195 630 O
1210 564 1332 630 mulier.

259 671 329 715 retr.
342 649 419 714 Tibi
434 671 509 714 vero
523 647 608 734 quod
624 671 740 712 nomen
755 648 906 732 imposuit
921 649 975 732 qui
991 659 1021 712 te
1033 651 1144 737 genuit
1157 649 1272 736 pater?

256 756 334 800 aas.
344 735 431 801 Vero
445 735 573 821 quidem
588 736 707 799 nomiae
720 755 881 820 possemus
896 735 1000 798 vocari
1017 736 1131 802 miseri.

258 832 331 888 leri.
343 822 418 886 Non
434 820 495 886 hoc
510 821 687 908 interrogo:
711 819 773 885 hoc
786 822 870 885 enim
885 819 990 885 tribue
1005 823 1153 887 sonuum.

257 908 359 974 nard
406 908 451 972 oti
466 908 491 973 si
506 908 679 972 moriamur
692 927 757 970 non
772 905 969 972 ridebimur.·

258 1015 330 1060 rrrr.
344 929 434 1070 ddici
448 1016 523 1058 vern
537 993 659 1058 invides
673 993 744 1070 hoc,
757 1015 797 1057 an
814 993 893 1057 adeo
907 995 1042 1077 superbe
1055 993 1176 1060 sentis?

258 1101 335 1146 aaa.
346 1079 458 1150 Meum
474 1100 588 1164 corpus
604 1079 764 1155 mactabis,
781 1098 845 1144 non
860 1100 988 1144 nomen.

258 1187 330 1232 retr.
344 1167 457 1253 Neque
472 1167 628 1231 civitatem
644 1166 738 1240 dices,
755 1184 793 1230 ex
808 1187 872 1250 qua
883 1164 1035 1230 oriundus
1050 1165 1110 1230 es?
1283 1177 1348 1234 490

256 1273 334 1318 orta.
345 1252 472 1329 Quaeris
486 1253 570 1316 eninr
606 1255 666 1315 und
680 1251 799 1316 nullam
816 1251 984 1316 utilitatem
1000 1255 1075 1316 milti
1090 1253 1347 1338 moriturosaet.

259 1360 332 1404 rest.
342 1339 429 1409 Quid
445 1360 518 1402 vero
532 1275 679 1421 proitibet
693 1339 861 1425 quominus
875 1337 935 1402 hoc
950 1338 1028 1402 mihi
1042 1337 1254 1428 gratificeris?

258 1446 334 1490 ons.
346 1425 505 1511 inclytum
521 1427 624 1511 Argos
638 1425 772 1510 patriam
787 1446 890 1488 meam
906 1445 971 1488 esse
983 1425 1113 1514 glorior.

259 1532 331 1576 retr.
345 1511 405 1576 Per
420 1511 495 1575 deos
510 1533 633 1588 verene,
650 1510 814 1596 Ohospes,
831 1511 918 1574 illinc
932 1533 965 1575 es
979 1509 1153 1576 oriundus?

258 1617 335 1662 orta.
346 1595 398 1660 Ex
415 1597 570 1682 Mycenis,
586 1619 659 1684 quae
673 1597 748 1663 olim
764 1609 854 1662 erant
865 1597 975 1662 beatae.

258 1685 331 1749 ira.
344 1683 431 1748 Num
447 1705 520 1748 vero
531 1705 571 1748 ex
585 1683 688 1768 patria
700 1684 867 1748 discessisti
881 1683 968 1761 exul,
983 1695 1038 1748 aut
1053 1683 1137 1769 quali
1152 1681 1306 1750 forttida?

259 1791 336 1835 one.
346 1769 450 1834 Exulo
464 1769 570 1858 aliquo
585 1769 680 1834 modo
696 1791 759 1833 non
775 1773 893 1846 rolens,
909 1780 938 1833 el
950 1780 1051 1833 lumea
1066 1771 1181 1834 rolens.

258 1865 330 1923 trit.
344 1845 429 1921 Mtt'm
444 1856 565 1920 dixeris
580 1854 657 1921 mihi
674 1857 705 1919 nl
738 1859 792 1920 uid
806 1877 917 1932 eorum,
933 1875 1006 1944 quae
1019 1854 1116 1922 volo?

256 1942 554 2029 oanuoecunque
568 1966 587 2006 a
603 1965 670 2006 mea
684 1877 865 2007 idielicitate
879 1943 981 2007 aliena
996 1959 1080 2006 sunt.

258 2051 327 2095 rrrr.
343 2027 490 2094 Profecto
504 2029 683 2093 desiderans
701 2029 777 2094 mihi
795 2031 881 2092 venis
897 2031 945 2092 Ar
969 2030 992 2092 is
1008 2028 1178 2113 profectus.
1287 2039 1352 2096 ⁵00

258 2136 336 2180 ona.
347 2113 432 2179 Mihi
447 2115 573 2216 quidem
591 2136 664 2191 non,
681 2116 707 2177 si
723 2133 799 2179 vern
813 2115 881 2189 tihi,
897 2053 997 2180 secius
1010 2135 1107 2180 amas.

257 2220 329 2268 retr.
345 2202 467 2266 Novistr
481 2201 612 2265 fortasse
627 2200 769 2286 Trojam‚
786 2203 874 2286 cnjus
891 2201 1008 2288 ubique
1021 2201 1114 2266 fama.

256 2309 336 2354 aas.
349 2286 562 2437 Utinamdnon
572 2304 710 2422 'nossem
727 2301 759 2351 et
773 2307 935 2375 nunquam
951 2288 1107 2368 vidissem,
1119 2307 1159 2350 ne
1174 2285 1207 2350 in
1223 2289 1354 2352 somnio

452 2396 482 2438 ur
507 2397 556 2438 ern
573 2423 579 2438 .

258 2481 328 2526 retr.
342 2397 463 2527 Dicuiit
477 2482 546 2524 eam
561 2459 645 2523 bello
658 2459 793 2525 deletam
810 2479 873 2524 non
891 2455 1028 2547 amplius
1042 2473 1164 2526 extare.

257 2560 335 2611 ons.
347 2546 405 2610 Est
419 2547 502 2610 enim
518 2547 572 2624 ita,
587 2545 782 2634 nequesclrc
796 2548 970 2613 audivistis.

257 2653 328 2698 ren.
343 2633 469 2698 Helena
483 2653 558 2696 vern
573 2633 665 2698 rediit
679 2652 787 2698 rursus
802 2635 832 2697 in
847 2631 988 2698 Menelai
1002 2631 1158 2698 domum?

257 2740 332 2785 nnc.
344 2717 459 2797 Rediit,
474 2719 609 2784 infauste
623 2720 746 2784 rediens
761 2719 885 2785 cuidam
901 2737 1055 2784 meorum.

257 2827 328 2871 rra.
343 2805 484 2872 Ubinam
497 2805 569 2871 est?
591 2807 674 2870 Nam
690 2821 721 2871 et
737 2806 814 2870 mihi
830 2805 957 2892 aliquod
970 2807 1093 2891 pridem
1106 2804 1201 2870 debet
1212 2807 1353 2872 malum.

256 2913 331 2956 nnc.
346 2895 472 2977 Spnrtae
487 2893 650 2958 cohabitat
662 2893 794 2978 pristino
808 2895 933 2956 marito.

257 2979 556 3043 ren.Ocnmmune
572 2979 909 3056 Graecisodium,‚nort
925 2977 1002 3042 mihi
1018 2972 1086 3042 soli.
1287 2991 1356 3049 510

196 3104 202 3116 -
256 3085 333 3129 nnc.
346 3063 387 3129 Et
402 3087 461 3151 ego
471 3066 538 3150 jam
555 3066 711 3151 quendam
725 3065 863 3128 fructum
878 3087 917 3129 ex
932 3063 1014 3128 illius
1027 3063 1147 3148 nuptiis
1161 3065 1310 3150 percepi.

257 3171 329 3215 reu.
344 3149 562 3215 Redieruntne
577 3151 694 3230 Graeci,
708 3165 743 3216 ut
757 3151 841 3216 fania
854 3147 980 3214 fertur?

254 3257 329 3300 nac.
341 3236 389 3301 Ut
403 3236 508 3301 omnia
524 3237 618 3302 semel
634 3259 671 3301 ne
684 3241 775 3302 simul
788 3237 955 3322 complexa
968 3232 1021 3301 'me
1035 3233 1230 3322 interrogas!

255 3343 327 3387 rra.
341 3324 525 3409 Priusquam
541 3325 623 3386 enim
641 3325 794 3402 moriaris,
811 3325 898 3388 hunc
909 3323 1044 3388 fructum
1061 3319 1224 3410 percipere
1238 3327 1334 3391 volo.

253 3425 329 3473 ortt.
341 3409 527 3560 Interroga:¹
555 3409 787 3496 nandoquidem
810 3409 872 3476 hoc
894 3410 1002 3496 cupis:
1036 3433 1097 3498 ego
1118 3428 1193 3474 vern
1218 3409 1278 3474 rbi
1302 3435 1358 3478 re·

463 3518 505 3559 on
529 3518 547 3559 e
593 3544 600 3560 .

254 3601 327 3646 reu.
342 3517 492 3646 Rediiiite
506 3581 634 3667 quidam
646 3595 731 3648 vates
748 3579 883 3648 Calchas
897 3603 935 3646 ex
950 3579 1075 3668 Troja?

251 3689 329 3734 oric.
342 3667 449 3746 Periit,
467 3680 503 3732 ut
516 3669 681 3734 dicebatur
694 3669 777 3734 inter
793 3669 990 3756 Mycenaeos.

252 3752 445 3819 renodat
459 3755 637 3819 veneranda
651 3777 746 3842 quam
762 3754 861 3820 bene!
901 3755 990 3832 Quid
1005 3773 1080 3820 vero
1096 3753 1221 3818 Laertie
1237 3753 1360 3826 filins?

252 3861 331 3906 ann.
343 3841 492 3906 Nondum
509 3841 639 3906 domum
657 3843 765 3906 rediit:
790 3842 863 3906 vivit
879 3855 995 3917 tamen,
1012 3856 1048 3907 ut
1062 3841 1181 3905 dicunt.

250 3947 324 3990 rrrr.
338 3926 460 4006 Parent,
477 3949 536 3992 nec
552 3950 689 4015 unquam
705 3929 736 3991 in
753 3929 887 4012 patriam
905 3925 1030 3992 redeatl
1285 3941 1360 4000 520

251 4033 327 4077 one.
341 4011 428 4077 Nihil
443 4015 624 4100 impreceris
638 4015 702 4078 illi:
724 4035 835 4078 omnes
849 4037 897 4079 rer
910 4013 995 4078 illius
1009 4013 1091 4078 male
1106 4011 1234 4078 habent.

251 4119 323 4164 reu.
339 4097 435 4163 Filius
451 4123 525 4164 vero
541 4100 689 4164 Thetidis
706 4097 852 4164 Nereidis
867 4100 1011 4166 adhucne
1025 4097 1125 4164 vivit?

249 4206 327 4250 orta.
341 4185 414 4250 Non
429 4186 519 4250 vivit:
542 4187 662 4251 frustra
676 4187 845 4252 celebrarit
856 4190 982 4274 nuptias
999 4189 1031 4252 iu
1047 4183 1176 4252 Aulide.

249 4289 321 4337 retr.
332 4269 467 4339 Dolnsae
482 4275 566 4336 enim
581 4283 677 4351 anal,
694 4287 729 4338 ut
743 4272 854 4366 dicuqt
868 4273 926 4352 illi,
943 4273 997 4360 qni
1012 4292 1070 4338 auo
1084 4272 1203 4338 dannan
1217 4273 1354 4348 scium.
