2824 4860
385 217 775 290 rummesie.

132 395 261 459 Nonam
275 391 317 457 ab
331 391 526 478 Erinnybus.

134 480 242 565 Argos
258 477 289 544 0
305 477 381 544 Pela
420 479 513 558 bum,

135 564 253 630 Metuo
267 578 358 629 tuum
372 586 409 629 ro
432 587 480 642 ur,

133 651 177 716 Et
192 652 331 718 divinam
345 651 527 716 vindictam.
571 649 646 714 Non
661 649 745 715 enim
760 650 910 736 injustam

133 737 186 801 Ad
201 747 361 802 certamen
377 736 438 802 boo
452 748 591 802 armatus
605 736 681 816 ruit,
1072 745 1137 806 260

130 823 201 900 Qui
215 847 304 888 auam
319 826 434 908 repetit
446 823 587 888 domum.

59 929 120 974 rou.
132 910 279 975 Claustra
293 910 422 997 quidem
431 910 605 996 janitorum
622 930 672 973 ma
685 919 875 994 reueperuut
1017 943 1024 954 ·

135 996 249 1073 Facile,
266 1009 302 1061 ut
317 996 455 1061 venirem
471 998 504 1059 in
520 995 653 1060 urbem.¹

132 1083 270 1168 Propter
284 1082 371 1168 quod
384 1083 478 1146 etiam
492 1095 611 1158 metuo,
625 1103 667 1145 ue
681 1103 733 1146 me
744 1080 831 1146 intra
843 1079 924 1148 tetis

130 1169 332 1253 Auuipieutes
347 1189 411 1232 non
425 1167 586 1234 dimittant
597 1165 666 1231 sine
676 1167 767 1233 creda
782 1189 910 1252 eorpus.

130 1254 339 1340 Quapropter
353 1252 593 1319 circumferendi
607 1267 680 1318 suut
694 1253 834 1340 nudique
846 1252 942 1330 oculi,

132 1340 210 1405 Huc
225 1353 257 1405 et
271 1340 358 1418 illuc,
373 1363 414 1406 ne
429 1340 498 1426 quis
513 1339 554 1404 sit
567 1339 670 1404 dolus.

130 1430 283 1492 Armatus
296 1449 372 1492 varo
386 1447 516 1491 manum
531 1426 593 1490 hoo
604 1447 691 1505 ause,

132 1513 296 1578 Fiduciam
309 1511 389 1578 milri
403 1513 463 1599 ipsi
476 1511 676 1579 confidentia
690 1509 853 1598 praebebo.

131 1599 225 1664 Heus
239 1598 318 1686 quid
331 1601 412 1664 istuc
426 1596 499 1663 est?
520 1621 561 1662 an
576 1620 650 1663 vero
665 1599 829 1683 strepitum
845 1595 976 1662 metuo?
1069 1602 1133 1666 270

128 1685 250 1750 Omnia
263 1688 349 1752 enim
363 1684 552 1750 audentibus
564 1685 741 1770 periodosa
754 1685 913 1764 videntur,

130 1771 275 1848 Quando
289 1794 346 1858 per
360 1771 504 1836 hostilem
518 1793 574 1857 pes
588 1771 706 1836 incedit
720 1784 847 1836 terram.

130 1857 281 1924 Confisus
292 1871 400 1924 tamen
414 1879 484 1923 enm
499 1857 593 1924 matri
608 1870 760 1922 ettamen
775 1879 843 1922 non
858 1853 952 1942 plane
965 1851 1103 1932 confido,

130 1943 218 2021 Quae
231 1945 312 2008 mihi
326 1945 482 2030 persuasit
497 1960 531 2009 ut
546 1942 635 2008 factis
649 1943 785 2007 induciis
800 1943 863 2012 buc
879 1943 1029 2008 nutritam.

130 2031 195 2096 Sed
208 2053 312 2116 prope
326 2045 373 2096 est
384 2029 541 2096 defertsior
563 2028 626 2096 soei
639 2029 724 2094 euim
738 2029 887 2096 altarium

39 2117 45 2130 '
130 2117 237 2203 Prope
251 2118 376 2196 adsunt,
393 2131 425 2181 et
439 2139 502 2182 nou
518 2117 652 2182 desertae
665 2117 793 2182 domus.

127 2206 201 2292 Age
215 2204 372 2268 dimittam
387 2203 528 2290 gladium
545 2203 577 2267 in
593 2202 760 2268 obscurum
776 2226 795 2266 v
832 2201 932 2282 '‘narn,

130 2289 174 2355 Et
188 2289 246 2354 lias
261 2289 474 2374 interrogabo,
490 2311 636 2376 quaenam
651 2301 756 2353 astant
770 2312 798 2354 ω
823 2287 903 2354 rbus.

131 2377 313 2462 Peregrinae
328 2375 484 2454 mulieres,
500 2375 605 2453 dicite,
622 2397 759 2461 quanam
774 2397 815 2440 ex
829 2373 934 2460 patria

126 2463 270 2528 Adstatis
285 2463 325 2527 ad
339 2463 473 2528 Graues
486 2462 622 2526 domos?
1065 2461 1130 2524 28‘0

41 2566 118 2611 cuo.
127 2547 231 2614 Terra
242 2550 371 2635 quidem
390 2549 554 2614 Phoenissa
568 2550 671 2634 putria
685 2547 764 2612 aluit
777 2569 839 2625 me,

126 2637 288 2786 agenoris
302 2657 376 2701 vero
390 2655 520 2720 nepotes
534 2657 574 2699 ex
587 2633 695 2720 spoliis
709 2633 783 2698 belli
858 2703 862 2712 ¹

171 2725 290 2786 iserunt
304 2744 355 2787 me
368 2721 432 2786 huc
448 2719 576 2786 Phoebo
589 2721 756 2806 primitias.

126 2808 277 2896 Cumque
292 2821 372 2872 esset
386 2829 437 2871 me
451 2808 604 2872 missurus
619 2806 735 2891 OEdipi
749 2803 834 2870 lilius
848 2802 984 2890 inclytus

125 2896 178 2958 Ad
193 2894 408 2959 venerandum
423 2893 584 2960 oraculum
600 2905 633 2958 et
648 2891 807 2977 Apollinis
822 2909 902 2968 aras,

124 2983 253 3046 luteres
268 2981 381 3068 Argivi
395 2980 558 3046 duxeruut
572 2981 745 3045 exercitum
761 2977 804 3041 ad
818 2977 939 3042 urbem.
1019 3027 1023 3036 ,

124 3067 182 3132 Tu
197 3089 273 3133 vero
287 3066 592 3151 unbeina-responde
606 3065 694 3144 mibi,
711 3065 856 3150 quisnam
870 3065 925 3143 aia,
940 3061 1017 3149 quid
1031 3060 1118 3126 venis

123 3154 179 3218 Ad
196 3154 364 3219 Thebanae
378 3165 472 3218 terroe
487 3164 784 3239 septem-portorum
800 3163 930 3214 turrmr.

31 3259 106 3306 ror..
122 3239 223 3305 Pater
237 3241 316 3304 mihi
331 3239 459 3327 quidem
475 3253 521 3304 eat
535 3239 674 3322 OEdipua
690 3237 762 3302 Laii
776 3235 877 3300 filius:

122 3325 257 3412 Peperit
271 3349 346 3392 uero
363 3349 413 3391 me
426 3327 555 3391 Jocasta
567 3325 634 3389 lilia
648 3323 822 3390 Meuaecei:
1069 3327 1132 3386 290

117 3413 289 3500 Voestque
304 3435 355 3476 me
367 3411 550 3502 Polynieem
567 3411 740 3477 Thebanus
754 3408 902 3496 populus.

21 3519 108 3566 cuo.
121 3499 161 3564 Ο
174 3499 324 3589 oognatio
338 3498 475 3564 filiorum
491 3499 659 3586 Agenoris,

119 3585 278 3652 Meorum
293 3585 509 3664 dominorum,
525 3586 673 3671 aquibus
689 3583 782 3648 missa
796 3603 877 3660 sum,

118 3673 310 3738 Procumbo
323 3672 365 3738 ad
379 3693 484 3759 genua
502 3672 571 3748 tibi,
587 3671 620 3738 0
633 3691 702 3748 rex,

117 3758 312 3825 Observans
324 3780 445 3823 murm
461 3759 608 3842 patrium.

114 3845 248 3910 Venisti
264 3844 393 3910 tandem
408 3859 482 3928 post
496 3844 626 3932 longum
643 3855 767 3926 tempus
783 3843 815 3906 in
831 3855 947 3906 terram
963 3837 1098 3922 patriam
1193 3873 1198 3880 ·

114 3931 230 4009 Heus,
248 3932 429 3996 veneranda
444 3932 595 4008 Βοπιίηα,
609 3929 720 3994 'veuias
735 3941 829 3994 extra
843 3926 938 4004 edes,
953 3947 987 3990 a·
1109 3989 1112 3994 ,

110 4019 192 4104 peri
205 4037 327 4104 portas.

109 4105 212 4173 Num
224 4105 327 4182 audis,
343 4105 512 4190 hancque
526 4102 688 4190 peperisti,
703 4114 814 4179 mater,

109 4191 213 4270 Quid
228 4192 388 4257 cunctaris
402 4189 524 4256 excelsa
538 4191 620 4255 atria
633 4190 778 4266 transire,
1068 4188 1131 4247 800

110 4277 166 4346 Et
180 4279 332 4364 amplecti
346 4273 572 4343 uluis'lilium?

554 4384 576 4426 u
592 4372 612 4428 3
