2854 4866
243 210 307 268 240

583 251 587 260 .
632 197 961 264 EURIPIDIS

136 429 140 441 ,
243 371 363 440 numo
377 393 481 449 senex,
496 369 541 434 dii
556 370 631 436 dent
643 371 729 437 bens
742 369 798 436 tibi
812 383 844 436 et
859 371 931 450 tuis,

329 459 396 536 Qui
410 457 541 523 servasti
554 456 655 522 filium
669 471 701 522 et
714 480 766 521 me
780 461 938 523 miseram.
973 525 975 534 ,

331 545 395 612 Sed
409 544 490 621 vide,
506 565 547 608 ne
560 565 645 608 nunc
659 545 692 607 in
708 544 906 608 solitudinem
923 546 982 609 vise

330 627 498 720 Fugientes
512 630 573 707 issi,
588 652 646 715 per
661 631 724 694 va
738 630 897 695 sbducsnt
912 653 972 707 me,

329 717 482 782 Videntss
495 730 527 781 te
540 717 668 802 quidem
683 739 749 780 esse
762 737 876 794 senem,
889 739 940 782 me
954 739 1030 781 vero
1043 716 1247 796 imbuunt,

330 803 479 868 mistum
496 825 629 888 puerum
645 802 813 867 infantem:
837 802 1081 889 considersjnm
1092 805 1161 882 ists,

331 889 382 966 Nc
396 911 482 954 nunc
493 889 687 977 effugientes,
703 890 865 974 capiamur
880 907 997 976 postes.

245 998 316 1044 ecc.
331 977 382 1041 Ne
396 976 507 1042 afferes
518 997 694 1040 sermonem
711 977 878 1040 mulierum
895 975 1089 1042 timidorum.

330 1063 436 1128 Vnde:
459 1063 530 1148 quis
544 1085 599 1126 vos
612 1061 771 1150 attinget?
794 1063 928 1127 Ploruns
941 1063 1039 1149 igitur

330 1149 487 1237 Attinget.
531 1148 615 1214 Nsm
629 1148 782 1214 beneficio
794 1149 867 1226 Dei,
879 1162 912 1214 et
965 1149 1121 1214 uestribus
1134 1149 1248 1233 copiis,
1275 1157 1362 1217 750

332 1235 376 1300 Et
390 1235 497 1300 multis
512 1235 668 1322 peditibus
682 1238 872 1320 imperamus
887 1237 919 1300 in
963 1235 1071 1300 hthiu:

333 1321 376 1386 Et
390 1343 448 1386 nos
462 1322 707 1410 sumusimegro
722 1324 846 1400 robore,
862 1333 895 1386 et
908 1343 974 1386 non
988 1343 1086 1400 senes,
1102 1333 1138 1385 ut
1152 1335 1187 1385 tu
1200 1335 1322 1407 putas,

215 1424 252 1498 J
332 1406 396 1474 Sed
410 1407 442 1471 in
458 1407 551 1471 mlum
567 1408 669 1472 virum
684 1408 808 1473 intuens
822 1423 954 1486 tantum,
1027 1467 1030 1474 .

332 1495 475 1559 Statuam
492 1493 669 1580 trophaeum
684 1493 816 1580 ἀείρεο,
833 1497 974 1580 quamvis
988 1517 1083 1560 senex
1099 1494 1169 1558 sim.

332 1579 443 1644 Multis
457 1580 540 1644 enim
551 1581 720 1666 juvenibus
734 1583 828 1646 etism
844 1603 936 1646 senes
951 1582 977 1646 si
991 1585 1032 1647 sit
1046 1581 1206 1644 animosus

333 1665 540 1732 Praestsntior
561 1680 624 1732 est:
656 1667 732 1754 quid
752 1671 836 1732 enim
858 1681 982 1753 oponet
1002 1669 1151 1756 ignavum
1172 1666 1359 1732 hominem

415 1775 480 1818 esse
493 1753 579 1818 bono
593 1754 733 1839 corporis
746 1753 879 1820 habitu?

246 1840 402 1906 cannot
414 1861 455 1904 no
468 1863 588 1918 nasoon
604 1855 660 1905 sut
672 1861 715 1906 ex
728 1841 819 1904 bonis
834 1839 1015 1926 parentibus
1030 1861 1141 1904 osscsr
1252 1845 1358 1924 (scr.)

245 2007 247 2010 Ι
333 1925 578 2014 Potentiumque
590 1927 757 1992 domorum
772 1929 825 1992 sim
839 1925 1011 2012 particeps:

334 2012 369 2076 Si
383 2033 478 2098 quum
493 2015 578 2078 enim
591 2036 653 2078 rem
668 2015 806 2098 patiatur
819 2013 933 2101 uliquis
946 2011 1113 2088 difficilem,

332 2098 407 2162 Non
421 2113 467 2162 eet
481 2098 619 2163 defectus
632 2098 823 2164 defensionis
837 2099 1012 2165 nobilibus:
1276 2109 1357 2166 760

332 2183 386 2249 Ex
399 2185 563 2250 celebratis
577 2207 651 2250 vero
666 2185 757 2250 bonis
771 2186 924 2252 domnum

333 2269 451 2335 Honor
464 2286 496 2336 et
510 2271 612 2359 gioria
623 2283 762 2354 paratur.

331 2355 505 2443 Nunquam
519 2357 666 2443 reliquias
679 2359 836 2424 bonorum

331 2441 482 2508 Virorum
497 2443 598 2508 sufert
611 2457 750 2530 tempus:
773 2447 872 2512 virtus
886 2446 971 2512 enim

331 2529 436 2594 Etiam
453 2531 536 2595 iotsr
549 2543 692 2596 mortuos
706 2532 801 2598 lucet.

333 2614 452 2682 Melius
466 2629 570 2682 sutem
586 2633 634 2684 est
649 2619 808 2684 victoriam
824 2640 889 2683 non
905 2617 988 2684 mals
998 2617 1080 2683 sums
1090 2617 1355 2682 contaminatum

416 2701 543 2782 hsbere,
1247 2707 1355 2788 (ont.)

330 2789 440 2867 Quum
454 2813 526 2855 cum
543 2791 662 2857 insidis
675 2791 863 2868 subvertere,
879 2805 911 2857 et
924 2813 1022 2877 opum
1038 2793 1070 2855 vi
1079 2790 1249 2876 justitium.

333 2876 411 2942 Hoc
425 2891 471 2942 est
485 2877 614 2963 quidem
627 2879 720 2942 dulce
734 2878 766 2942 in
782 2880 950 2964 proesentis
965 2877 1156 2954 hominibus,

335 2962 419 3028 Cum
433 2977 576 3049 tempore
589 2987 664 3030 vero
678 2963 715 3028 ut
729 2965 864 3041 aridum,

331 3048 421 3125 Quin
437 3050 531 3115 etism
547 3049 682 3116 Infamia
696 3050 817 3118 secedit
833 3051 985 3117 Fsmiliae.
1281 3057 1356 3121 770

335 3135 432 3200 Hsnc
445 3135 553 3214 laudo,

332 3219 431 3286 Hsoc
445 3222 539 3288 etiam
554 3245 669 3310 sequor
683 3225 789 3302 vitum,

333 3307 463 3373 Nullum
478 3324 569 3375 extra
582 3310 629 3375 'us
643 3324 828 3396 potestatem
843 3311 879 3373 in
892 3309 1037 3376 tbslsmis

331 3393 377 3459 Et
390 3394 468 3462 urbe
481 3333 650 3482 possieiete.

331 3479 364 3546 Ο
379 3503 476 3547 senex
489 3481 637 3563 AEscids,

333 3565 440 3662 Crepo
453 3579 485 3633 te
497 3583 530 3634 et
544 3591 616 3634 cum
633 3568 778 3655 Lapithis
793 3581 825 3634 et
840 3569 924 3634 Cen-

331 3667 495 3719 taurorum
511 3655 595 3720 bello
609 3655 814 3720 celeberrimo
828 3655 1015 3729 interfuisse,

331 3739 375 3806 m
390 3743 500 3844 Argos
513 3743 547 3807 in
561 3741 634 3808 nevi
648 3742 853 3829 inhospitales
867 3753 897 3808 et
912 3741 1057 3807 humidus

330 3825 507 3894 Trs'ecisse
521 3829 643 3892 murina
660 3829 888 3930 Symplegadas

331 3913 371 3978 In
402 3930 485 3999 ytsm
502 3916 541 3984 sd
558 3915 801 4002 navigationem,

332 3998 460 4064 iliacum
485 4025 525 4066 ue
539 4004 650 4067 urbem
665 4003 794 4089 quondo
808 4004 947 4088 primum
1035 4049 1042 4062 ·

332 4084 446 4150 Clarus
461 4024 547 4153 iovis
562 4088 645 4154 filius

332 4171 494 4259 Impiiouit
508 4187 622 4264 strage,
637 4197 839 4243 communem
856 4173 989 4261 gloriam
1004 4171 1185 4251 hsbmtcm,

329 4261 380 4324 An
395 4257 557 4346 Europum
573 4261 710 4328 rediisse.
