2862 4864
260 221 323 279 ³30
605 208 935 276 EURIPIDIS

344 385 464 464 Thoas,
480 386 534 472 qui
549 385 681 449 oelerem
697 385 808 470 pedem
824 407 948 471 ponens
962 407 1072 473 parem
1085 391 1206 470 eribus,

345 474 423 539 Hoc
436 495 550 536 nomeu
566 470 660 536 habet
673 486 805 572 propter
818 473 935 557 pedum
950 473 1148 542 celeritatem.

345 559 490 644 Templis
502 573 607 624 autem
624 558 656 620 in
672 559 739 622 istis
752 557 947 622 sacerdotem
963 581 1014 624 me
1027 565 1202 644 eonstituit,

348 646 414 712 Ubi
429 645 602 710 delectatur
616 644 675 708 dea
688 644 798 708 hostiis
812 644 1023 732 singularibus

345 733 453 798 Diana
467 733 626 808 festorum,
643 731 756 816 quibus
771 753 885 796 nornen
902 745 1025 798 tantum
1042 733 1283 800 othonorum:

345 818 481 884 Immulo
494 817 589 894 enim,
605 837 676 882 eum
692 839 760 880 mos
772 817 830 882 iste
843 831 874 881 et
889 832 963 882 ante
977 819 1097 886 civitati
1112 819 1215 900 fiterit,

346 904 538 989 Quicunque
551 903 615 968 huo
629 903 787 987 appulerit
801 903 849 966 vir
863 903 1008 969 Grecos.

346 992 505 1075 Auspicor
519 991 646 1076 quidem
661 1008 760 1065 sacra,
776 991 878 1054 caedes
892 1011 977 1068 reru,
994 991 1063 1055 aliia
1077 1006 1150 1056 sunt
1164 1015 1250 1058 curae

346 1075 500 1142 Neloudre
513 1077 599 1140 intus
612 1077 645 1140 in
660 1075 710 1140 his
724 1075 848 1160 templis
863 1075 952 1140 Deae.
1305 1089 1348 1144 40
1424 1052 1425 1132 l

346 1164 473 1227 Caetera
487 1185 561 1226 vero
575 1175 673 1238 taceo,
688 1161 792 1226 Deam
808 1163 951 1226 reverita.
1184 1173 1191 1180 '

344 1250 416 1314 lam
427 1272 502 1313 vero
517 1271 589 1335 quae
605 1271 669 1312 nox
686 1270 826 1333 praesens
840 1271 923 1312 nova
933 1249 1041 1314 attulit
1055 1251 1128 1326 visa,

345 1335 460 1400 Dicam
477 1335 519 1399 ad
532 1334 694 1410 aetlrerem,
710 1336 735 1398 si
750 1333 835 1420 quod
850 1333 911 1399 hoc
926 1349 973 1398 eat
987 1335 1171 1400 remedium.

345 1421 487 1486 Videbar
500 1421 532 1484 in
548 1443 659 1486 somno
672 1420 781 1484 relicta
794 1419 854 1484 hac
868 1431 953 1484 terra

346 1507 504 1572 Habitare
518 1507 622 1594 Argis,
637 1521 669 1570 et
683 1508 716 1570 in
732 1507 842 1571 mediis
857 1506 1009 1572 cubiculis
1023 1506 1229 1594 virginalibus

345 1593 505 1670 Dormire,
520 1607 612 1658 terrae
623 1607 728 1657 autem
744 1607 867 1682 tergum
883 1607 971 1658 motu
987 1593 1124 1670 concuti,

345 1677 537 1832 {idulium
552 1678 668 1768 lugere,
684 1693 716 1744 et
730 1678 805 1744 foris
819 1693 903 1743 utana
916 1679 1074 1768 fastigium
1090 1679 1204 1744 intueri

416 1767 478 1830 'um
494 1766 615 1841 cadere,
632 1779 663 1829 et
677 1779 774 1830 totam
790 1787 882 1830 ruere
895 1765 1162 1854 contignationem

346 1853 512 1940 Dejectam
526 1853 614 1917 humi
628 1873 668 1917 ex
685 1853 816 1916 summis
830 1852 980 1937 postibus.

347 1939 453 2006 Unica
468 1959 543 2003 vero
557 1939 665 2004 relicta
679 1950 726 2002 est
739 1937 895 2014 oolumnn,
911 1950 947 2002 ut
960 1936 1039 2002 mihi
1054 1938 1230 2016 videbamur,
1312 1951 1351 2007 50

346 2025 493 2090 Patemae
506 2025 630 2101 domur,
646 2047 684 2089 ex
698 2024 838 2108 capitulo
852 2025 957 2088 aut'em
971 2045 1094 2089 comam
1108 2025 1267 2090 uidebatur

346 2111 475 2176 Flavam
490 2111 664 2187 demittere,
681 2131 851 2198 vocemque
865 2110 1000 2174 hominia
1013 2111 1165 2195 aocipere

346 2197 419 2284 Ego
433 2219 507 2260 vero
521 2211 631 2273 artem,
647 2219 740 2282 quarn
758 2197 810 2261 hic
824 2219 967 2274 exerceo,
983 2199 1178 2262 ooeideutern
1196 2197 1352 2284 hospites,

347 2283 474 2360 Colene,
489 2305 571 2369 aque
587 2284 684 2368 ipsam
699 2283 956 2371 conspergebam,
972 2299 1008 2347 ut
1022 2283 1115 2348 morti
1130 2284 1335 2364 destinatam,

347 2369 551 2434 Lamentans.
582 2369 635 2434 Sic
648 2383 754 2433 autem
770 2371 927 2434 somnium
943 2370 1135 2454 interpretor
1148 2369 1228 2435 hoo:

347 2455 499 2521 Mortuus
513 2469 559 2519 eet
574 2455 716 2532 Orestes,
730 2457 820 2541 cujus
833 2455 1024 2520 sacrificium
1037 2457 1199 2541 mimicam
1213 2479 1298 2522 sum.

348 2541 515 2606 Columnae
530 2543 613 2605 eninr
629 2541 818 2606 familiarum
833 2557 905 2606 aunt
921 2541 1011 2606 liberi
1026 2543 1176 2606 maseuli:

346 2627 533 2694 Moriuntur
546 2646 662 2704 autem,
678 2651 758 2713 quoe
773 2627 895 2692 lavacra
908 2650 978 2691 mea
992 2631 1234 2712 consperaeriut.

347 2713 446 2779 Haud
454 2729 558 2778 tamen
564 2714 962 2778 accommodaresomnium
969 2713 1075 2778 hooad
1083 2715 1353 2802 amioowoasum:

346 2800 497 2885 Strophio
511 2801 595 2864 enim
610 2823 673 2865 nou
689 2815 758 2864 erat
772 2799 865 2877 filius,
903 2800 1008 2864 nendo
1021 2823 1082 2887 ego
1095 2801 1188 2886 perii
1311 2816 1354 2872 60

260 2951 264 2960 ,
346 2886 443 2952 Nunc
456 2887 553 2974 igitur
567 2885 654 2950 fretri
671 2888 742 2950 volo
756 2887 833 2950 dare
847 2823 974 2950 inierim

347 2971 491 3038 Praesens
505 2973 626 3038 absenti
641 2972 725 3057 (luteo
739 2975 823 3037 enim
837 2974 1009 3058 poterimus
1022 2977 1181 3056 praeetore)

347 3056 430 3122 Cum
445 3059 578 3140 ancillis,
592 3081 670 3146 quos
687 3057 777 3124 nobis
790 3058 879 3122 dedit
895 3060 963 3123 Rex

346 3143 478 3210 Grecis
492 3145 655 3222 mulierem
677 3147 729 3209 sed
745 3146 787 3208 ob
801 3165 926 3210 cauum
941 3145 1078 3230 aliquam

346 3229 500 3295 Nondum
516 3231 671 3296 eooedunt
684 3232 724 3295 ud
740 3253 790 3295 me
804 3234 888 3295 intre
901 3232 1046 3312 domum,

249 3370 254 3384 .
347 3315 384 3380 lu
401 3339 465 3402 qua
478 3317 596 3393 habito,
613 3316 673 3381 boc
689 3319 797 3404 utique
812 3317 981 3402 Templum
998 3317 1078 3381 Deae
1098 3318 1220 3382 uim.

259 3424 336 3472 otta·
347 3402 440 3481 Vide,
456 3407 594 3480 observa,
611 3405 735 3492 nequis
751 3405 846 3466 homo
860 3405 948 3469 sitin
963 3405 1024 3468 ria.

260 3511 333 3556 eru.
348 3489 461 3566 Video,
476 3491 682 3576 speculorque
696 3505 930 3554 oontrorertem
944 3490 1054 3553 oculos
1065 3490 1097 3552 in
1109 3509 1220 3554 omnes
1235 3505 1359 3578 partes.

259 3597 335 3642 oue.
349 3575 478 3662 Pylade,
493 3577 658 3641 videturne
672 3578 728 3640 tibi
743 3575 805 3640 hoc
820 3597 886 3640 esse
899 3575 1050 3658 templum
1068 3575 1160 3652 Deae,

345 3663 399 3728 Ad
414 3663 499 3764 quod
514 3685 554 3728 ex
571 3665 665 3750 Ar'gis
678 3684 789 3726 navem
803 3685 861 3747 per
875 3683 961 3726 mare
974 3659 1176 3725 direximus?
1316 3675 1361 3732 70

259 3769 333 3815 m.
348 3749 431 3814 Mihi
446 3751 572 3836 quidem
583 3751 707 3824 videus,
719 3749 865 3813 Orontea:
889 3749 945 3812 tibi
958 3769 1033 3811 vero
1042 3747 1125 3812 idem
1137 3746 1241 3812 videri
1250 3747 1360 3818 decet.

258 3857 333 3901 one.
347 3837 390 3902 Et
402 3859 467 3912 era,
483 3859 523 3901 ex
539 3857 603 3922 qua
618 3834 753 3900 Graecus
766 3833 862 3900 stillat
875 3831 1027 3914 empuis?

258 3942 333 3988 en..
348 3922 399 3987 Ex
415 3924 568 4008 sanguiue
604 3921 709 3988 uidem
726 3919 821 3986 rubra
835 3920 932 3986 habet
945 3919 1065 3984 latern·

259 4029 335 4072 unu.
348 4009 454 4072 Pinnia
469 4031 543 4074 vero
556 4031 594 4073 su
632 4009 731 4088 templi
744 4007 843 4093 spolia
857 4007 987 4072 videsne
1000 4004 1177 4090 suspensa?

258 4115 332 4160 m.
347 4091 584 4159 interfectorum
599 4095 729 4160 exuvias
744 4095 914 4178 hospitum.

234 4178 392 4246 '.onu.Er
449 4195 575 4264 oportet
589 4181 688 4246 oculis
703 4181 734 4244 in
750 4180 858 4244 orbem
875 4179 1074 4244 eimumactia
1089 4179 1171 4242 bene
1184 4179 1364 4264 speculari.

345 4269 377 4332 0
423 4267 523 4342 hoebe,
540 4289 603 4352 quo
617 4289 669 4331 rue
682 4289 790 4332 rursus
805 4267 837 4331 in
854 4265 923 4330 bac
938 4267 1019 4330 retia
1033 4265 1150 4330 duxisti
