2882 4858
281 235 344 294 utu
655 225 990 295 EURIPIDIS

283 398 536 477 aaruQuando?
557 421 632 465 num
647 400 775 486 spoliati
789 424 898 468 sumus
911 406 1046 492 conjuge
1056 425 1095 468 ex
1110 405 1228 470 anuo?

282 508 339 552 uu.
372 487 557 572 Priusquam
575 485 684 552 Graeci
697 487 841 555 venirent
853 489 894 554 ad
910 489 1053 574 Trojam,
1066 489 1099 556 Ο
1114 489 1240 576 torpa.

366 575 472 642 Quare
486 572 612 638 discede
625 597 645 638 a
658 573 775 640 domoc
799 597 871 640 nam
886 589 933 640 est
948 578 1094 662 quaedam
1109 577 1142 642 id
1158 579 1258 644 domo

369 659 550 736 Calamitaa,
566 681 629 745 qua
642 660 789 726 turbatur
803 660 917 726 domus
931 663 1028 748 ragla.

368 745 442 810 Non
459 743 568 810 veniali
584 747 784 832 tempestive:
807 748 833 812 si
847 769 922 812 vero
936 748 1084 813 domiuus

373 832 504 917 Ceperit
519 843 560 910 te,
578 853 663 896 mora
676 835 736 898 erit
750 832 807 897 tibi
822 832 894 899 loco
908 833 1124 920 hospitalium.
1310 843 1362 898 400

371 915 531 982 Benevola
545 917 629 982 enim
644 941 714 984 sum
731 917 864 996 Graecia,
880 941 945 984 non
959 936 1113 1006 quantum
1128 941 1257 1006 aspero·

372 1004 541 1070 Sermones
556 1001 610 1068 tibi
620 1003 705 1080 dedi,
722 1005 836 1070 timens
849 1005 1015 1072 dominum
1030 1029 1133 1072 nm.

286 1089 461 1167 aunuald
477 1087 601 1154 dicam?
622 1089 698 1177 quid
714 1089 850 1178 loquar?
870 1093 998 1157 miserae
1012 1093 1096 1158 enim
1110 1115 1269 1158 aerumnae

374 1176 480 1242 Audio
494 1189 665 1261 praesentes
678 1177 772 1243 hasce
785 1190 903 1263 praeter
917 1179 1049 1264 priores.

372 1263 408 1330 Si
423 1261 581 1328 adducens
595 1277 752 1350 receptam
768 1286 809 1330 ex
826 1263 926 1350 Troja

373 1348 548 1436 Conjugem
565 1349 667 1429 venio,
683 1363 714 1414 at
729 1349 762 1414 in
777 1366 871 1415 antro
884 1363 1035 1428 servatur,

372 1433 499 1500 Nomen
514 1455 588 1499 vero
602 1435 685 1500 idem
702 1435 833 1515 habens,
848 1437 935 1522 quod
952 1439 1022 1502 mea
1035 1459 1128 1516 uxor,

245 1513 249 1532 '
334 1591 340 1600 ‚
376 1520 495 1621 Aliqua
508 1519 580 1596 alia,
597 1521 629 1585 in
645 1522 693 1585 hia
708 1522 829 1588 habitat
842 1523 974 1588 oetlibua.

371 1608 466 1674 Dixit
479 1605 631 1691 prolecto,
646 1629 714 1672 eum
730 1629 796 1673 esce
809 1608 907 1673 filiam
922 1607 1021 1673 Jovia.

372 1693 435 1760 Sed
449 1715 490 1758 an
505 1691 551 1758 eat
564 1691 676 1820 aliquia
692 1694 761 1772 Vir,
776 1696 831 1795 qui
845 1695 941 1760 habet
955 1717 1070 1760 nomeu
1084 1695 1174 1760 lovis
1307 1701 1362 1758 490

374 1781 425 1844 Ad
440 1779 525 1864 ripas
542 1780 626 1844 Nili.
653 1803 726 1845 nam
742 1803 796 1866 qut
812 1782 844 1844 in
859 1782 941 1846 coelo
955 1793 1013 1862 est,
1026 1781 1137 1846 unicus
1151 1793 1206 1844 ent.

374 1865 440 1932 Ubi
454 1887 529 1930 vero
543 1877 697 1931 terrarum
712 1881 758 1930 eat
774 1867 899 1952 Sparta,
915 1869 975 1930 uisi
990 1867 1046 1932 ubi
1058 1867 1178 1930 fluenta

374 1953 456 2018 Sunt
470 1951 613 2029 Eurotae,
628 1953 683 2038 qui
698 1952 791 2016 habet
805 1953 956 2037 pulchros
971 1952 1109 2018 calamos
1123 1949 1269 2018 tautum?

375 2038 484 2103 Unum
500 2060 575 2103 vero
587 2060 703 2103 nornen
718 2037 881 2120 Tyndarei
895 2038 1081 2104 celebratur.
1309 2111 1313 2118 ¹

373 2123 457 2200 Quae
472 2146 546 2188 vero
560 2138 608 2188 est
622 2138 714 2202 terra,
729 2147 802 2211 quae
816 2125 897 2190 idem
916 2147 1028 2190 nomen
1048 2125 1161 2190 habeat
1175 2145 1246 2190 cum
1271 2121 1360 2186 Loca-

463 2211 609 2276 daemone
874 2243 878 2248 v

374 2295 417 2359 Et
431 2295 552 2381 Trojal
577 2319 637 2384 ego
650 2310 736 2362 certe
749 2319 812 2362 non
828 2297 940 2374 habeo,
957 2297 1035 2384 quicl
1047 2296 1164 2364 dicam.

375 2380 473 2446 Multi
487 2382 583 2460 enim,
601 2397 634 2448 ut
649 2382 782 2460 videtur,
798 2385 831 2448 in
845 2383 975 2449 diversis
988 2382 1169 2472 regionibus

375 2466 508 2533 Habent
522 2469 630 2534 eadem
646 2469 787 2551 nomina,
801 2485 833 2534 et
847 2469 956 2536 civitas
970 2491 1042 2536 cum
1056 2470 1194 2546 civitate

375 2555 418 2620 Et
431 2554 544 2620 mulier
557 2575 631 2619 cum
646 2554 793 2620 muliere:
815 2578 880 2622 nou
896 2567 939 2621 eat
953 2555 1050 2643 igitur
1061 2555 1251 2628 mirandum,

375 2641 488 2727 Neque
500 2661 610 2706 rursus
623 2639 778 2730 fugiemus
799 2642 938 2708 terribile
951 2641 1033 2707 istud
1048 2665 1067 2706 a
1082 2641 1237 2708 ianitrice
1248 2637 1360 2704 denun-

461 2727 590 2794 clatum.
1305 2731 1362 2788 500

377 2813 492 2880 Nullua
505 2813 589 2878 enim
606 2817 653 2878 vir
667 2825 711 2880 est
725 2827 789 2879 tam
807 2815 944 2880 barbaro
957 2817 1075 2893 animo,

377 2901 443 2977 Qui
458 2899 568 2966 audito
583 2922 653 2966 meo
668 2901 805 2982 nomine,
822 2923 886 2968 non
900 2905 941 2967 ait
953 2901 1086 2967 daturne
1100 2899 1217 2966 cibum.

297 3031 301 3039 ι
376 2987 480 3052 Notus
495 2997 539 3052 est
553 2987 634 3074 ignia
648 2985 768 3074 Trojre,
783 3010 919 3075 egoque,
932 2987 987 3136 qui
1000 2986 1130 3052 accendi
1145 2987 1260 3072 ipsum,

377 3071 554 3150 Menelaus,
569 3094 633 3136 non
649 3094 717 3138 sum
733 3074 860 3162 ignotua
874 3075 905 3138 in
923 3097 942 3138 u
957 3074 987 3138 la
999 3073 1136 3159 regione.

378 3158 563 3244 Expectabo
576 3157 673 3248 igitur
686 3158 851 3224 (lominum
867 3159 999 3224 domus:
1024 3159 1120 3224 babet
1133 3173 1239 3226 auteur
1255 3157 1323 3222 milri

378 3244 548 3330 Duplicem
563 3245 692 3310 cauendi
708 3247 881 3311 rationem:
904 3247 929 3310 ai
944 3245 1071 3332 quidem
1085 3247 1126 3310 ait
1138 3245 1282 3322 crudelis,

377 3330 549 3398 Occultum
564 3331 741 3416 meipsum,
757 3331 810 3396 ibo
824 3331 864 3396 ad
879 3331 993 3397 fractus
1008 3332 1131 3396 tabulas
1146 3333 1250 3397 navia:

379 3417 413 3484 Si
428 3440 504 3482 vero
518 3418 595 3482 mite
607 3417 683 3505 quid
699 3417 880 3496 ostenderit,
896 3419 1070 3483 necessaria
1082 3418 1219 3484 uiridia

378 3504 532 3569 Praesenti
546 3501 715 3570 calamitati
730 3519 844 3590 petam

377 3590 542 3657 Malorum
557 3612 632 3655 vero
646 3591 738 3656 nobis
753 3589 872 3656 miseria
886 3591 965 3654 tund
976 3601 1020 3654 ert
1034 3603 1224 3670 murum,
1307 3593 1360 3654 510

378 3675 479 3755 Quod
494 3677 535 3742 ab
548 3675 618 3741 aliia
631 3677 781 3763 tyrannia,
798 3678 864 3762 ipae
877 3676 932 3761 qui
946 3697 1015 3740 aum
1031 3697 1098 3754 rex,

378 3765 491 3830 Petere
505 3785 601 3852 cogor
615 3763 751 3828 victumz
774 3763 829 3828 sed
843 3763 897 3828 lior
909 3760 1118 3826 neceesarium
1131 3775 1191 3828 eat.

378 3851 452 3916 Non
467 3864 514 3915 est
528 3863 634 3914 autem
648 3872 736 3915 meus
750 3871 863 3924 sermo,
879 3845 934 3912 sed
948 3847 1127 3932 sapientum
1142 3849 1281 3928 uerbum,

378 3937 467 4004 Nihil
483 3959 549 4002 ease
564 3933 714 4000 valentius
728 3936 817 4019 gravi
831 3933 1024 4000 necessitate

293 4045 369 4093 cuo.
380 4023 498 4090 Audivi
513 4045 553 4088 ex
567 4020 693 4087 fatidica
707 4021 822 4108 puella,

376 4111 461 4188 Qua
476 4107 793 4176 oraculum-reddens
807 4105 977 4177 declaravit
992 4107 1026 4172 in
1040 4104 1136 4194 regiis

378 4195 526 4274 AEdibur,
543 4195 627 4282 quod
645 4193 812 4260 Menelaus
826 4190 970 4260 noudum

380 4283 515 4370 Nigrum
530 4283 607 4348 abiit
