2794 4862
297 221 580 296 luc-E-sTls.
907 236 969 297 am

184 407 235 472 iube
247 407 452 474 'llttasalommt
476 406 568 472 multi
582 425 656 470 vero
670 403 728 472 titi
741 416 807 472 sant

191 495 256 558 inter
274 494 414 560 Pheraeoet
437 513 477 558 ue
492 487 616 580 rediget
631 491 708 556 mihi
731 493 763 556 in
786 497 969 562 memoriam

183 584 284 645 amala.

183 687 234 745 em,
247 666 334 731 videm
347 666 422 732 hanc
437 663 468 731 in
485 665 592 743 domo,

183 756 243 836 ymis
254 775 320 818 etse:
339 773 374 817 ne
386 751 503 817 dolenti
517 751 597 816 mihi
610 749 751 817 dolorem

183 841 230 905 atis
241 842 309 904 euim
320 861 377 904 mea
390 838 565 904 calamitate
577 860 704 926 gravor.

183 941 226 990 :rte
237 923 334 990 aedium
346 925 525 992 educabitur
533 923 725 1011 juvencula?
890 931 970 990 1060

184 1013 261 1076 ucula
273 1025 319 1090 est,
333 1025 363 1076 ut
374 1033 413 1078 ex
428 1025 511 1077 vesta
524 1027 556 1076 et
569 1025 686 1076 ornatu
701 1009 833 1074 videtur.

183 1101 233 1162 itur
245 1100 272 1163 in
283 1100 404 1162 virorum
420 1097 574 1164 habitabit
588 1095 699 1163 tectis?

183 1185 220 1250 do
231 1207 308 1270 pum,
322 1205 441 1260 vertant
455 1186 538 1249 inter
547 1185 688 1270 juvenes,

183 1285 239 1336 :est
250 1271 470 1358 facilejuvenea‚
487 1270 519 1336 Ο
535 1269 702 1348 Herculea,
725 1315 729 1324 ι

197 1381 248 1444 ego
261 1379 326 1422 vero
338 1358 380 1422 tui
394 1357 557 1440 providam
572 1377 677 1422 euram
692 1377 779 1444 gero.

182 1466 235 1520 um,
250 1445 277 1508 in
289 1443 450 1509 thalamum
466 1439 620 1508 mortuae?

182 1531 214 1592 lo
227 1531 372 1594 admittam
388 1527 471 1595 hane
485 1531 517 1593 in
532 1529 647 1595 lectum
662 1528 765 1593 illiusl

184 1631 278 1681 metuo
291 1614 567 1702 reprehensionem,
584 1629 615 1681 et
629 1635 670 1682 ex
683 1615 814 1691 civibus,

182 1702 401 1786 ereprehendat,
412 1704 497 1788 quod
508 1725 630 1767 umorem
638 1701 679 1766 de
686 1722 738 1765 me
746 1700 972 1765 benemeritam

182 1811 192 1851 t
207 1789 324 1853 alterius
338 1789 509 1854 'uvanculae
522 1788 611 1853 lectis
619 1789 755 1874 jaceam,
890 1793 972 1855 1070

182 1812 415 1958 tortum-digna
428 1875 511 1939 euim
528 1889 574 1939 est
587 1895 659 1960 quae
673 1896 693 1937 a
705 1895 757 1937 me
771 1871 938 1938 colatur-

182 1985 189 2024 t
203 1963 311 2026 habere
321 1963 481 2026 rationem.
526 1961 578 2024 Tu
594 1977 709 2040 autem,
725 1958 757 2024 Ο
771 1957 895 2039 mulier,

182 2071 196 2111 a
210 2049 330 2112 tandem
344 2060 377 2112 tu
392 2049 446 2128 ais,
461 2046 593 2130 similem
607 2046 725 2112 habere
738 2057 771 2110 te
783 2044 931 2110 Alcestidi

182 2135 246 2197 lum
262 2134 347 2213 scito,
362 2146 393 2198 et
405 2155 476 2199 esse
487 2133 619 2198 similem
634 2153 777 2218 corpore.

195 2220 281 2284 auser
293 2243 349 2306 per
362 2219 437 2285 deos
452 2245 470 2284 a
485 2221 562 2284 meis
576 2217 674 2284 oculis
723 2234 727 2266 ³

181 2329 266 2384 erem,
281 2329 322 2371 na
336 2328 387 2371 me
400 2306 525 2372 occides
535 2305 701 2391 perditum.

181 2415 195 2454 u
211 2395 308 2476 ipsam
324 2393 459 2469 intuens,
475 2395 640 2479 conjugem
655 2390 772 2460 intueri

181 2493 254 2544 tecet
268 2495 373 2544 autem
389 2479 541 2557 animum,
557 2493 643 2542 etex
660 2477 759 2542 oculis

181 2580 290 2650 ipunt:
314 2565 347 2632 Ο
362 2589 413 2631 me
427 2567 586 2642 miserum,

181 2675 257 2716 num
267 2650 391 2718 luctum
399 2653 486 2717 huuc
494 2652 642 2718 acerbum
650 2673 717 2716 ease
725 2650 974 2736 experiemlpfio

195 2761 261 2802 non
278 2761 405 2824 possem
420 2740 550 2805 laudare
556 2748 735 2822 presentem
749 2735 928 2802 fortunam:

181 2847 221 2888 tm
236 2836 276 2901 te,
289 2826 483 2912 quiequiaais
496 2839 543 2903 tu,
555 2825 708 2890 sustinere
721 2823 807 2909 quod
820 2821 973 2887 deusdet.

181 2925 326 2976 ·tentam
342 2911 408 2976 vim
422 2911 581 2988 haberem,
598 2924 633 2975 ut
646 2922 744 2986 tuam,

181 2998 324 3062 luderem
342 3019 384 3062 ex
400 2996 571 3061 inferorum
586 2995 708 3061 mdibus

181 3099 191 3147 t
207 3084 269 3148 tibi
284 3083 352 3148 hoe
367 3099 549 3169 praestarem
564 3080 720 3148 officium!

181 3193 219 3233 im
238 3169 461 3235 voluntatem:
484 3171 537 3235 aad
552 3169 607 3235 ubi
622 3169 683 3234 hoc
696 3167 766 3232 fieri
780 3164 901 3254 potenti

181 3271 212 3320 st
228 3269 386 3321 mortuos
400 3255 503 3322 redire
520 3257 551 3322 in
566 3255 672 3321 vitam.

181 3343 376 3426 egrediaris
392 3344 533 3421 mudum,
549 3342 603 3408 sed
617 3339 698 3406 feret
711 3341 884 3406 moderate.

181 3431 255 3492 ilios
272 3451 423 3508 monere,
440 3451 534 3515 quam
549 3429 706 3492 miseriam
721 3427 883 3492 sustinere.

181 3515 314 3592 olicias,
332 3516 364 3580 si
379 3537 504 3598 semper
517 3537 643 3603 gemere
657 3512 758 3579 velis?
889 3521 972 3579 1090

181 3601 232 3665 ted
249 3623 357 3666 amor
372 3601 501 3689 quidam
516 3603 560 3665 ed
573 3603 627 3666 too
640 3621 691 3664 me
705 3599 795 3684 rapit.

202 3703 404 3766 mortuum,
420 3688 503 3753 elicit
516 3687 680 3772 lacrymas.

181 3788 203 3839 tt
223 3777 347 3838 multo
366 3775 467 3858 magia
478 3795 573 3858 quam
588 3774 692 3837 ‹lieere
706 3791 844 3855 pomum.

181 3883 214 3923 m
232 3862 446 3948 conjugem:
469 3859 538 3945 quis
552 3853 770 3924 contradicet?

181 3967 256 4010 non
276 3947 432 4032 amplius
445 3946 615 4012 delectetur
628 3945 703 4009 uita.

181 4047 224 4112 et,
240 4053 350 4097 nunc
364 4053 440 4098 tero
450 4032 566 4097 malum
577 4044 667 4096 tuum
679 4027 784 4094 adhue
791 4029 975 4114 juvenescit

182 4121 227 4197 ie,
249 4120 282 4183 ai
302 4133 444 4205 tempus
457 4133 504 4184 est
520 4119 608 4184 mori.

181 4219 207 4269 et
236 4219 277 4271 te
295 4229 320 4271 a
351 4209 441 4272 luctu
457 4220 488 4270 et
509 4203 699 4270 desiderium
720 4223 874 4268 novarum
890 4221 973 4285 nup·
