2852 4862
500 219 768 297 BA'COH'AE.
861 327 866 340 Ι
1110 243 1174 300 ree

173 403 247 471 Non
262 417 310 472 eet
323 396 404 474 adeo
418 405 509 484 celer,
525 419 561 471 ut
576 427 627 472 me
639 405 778 496 effugiat.

171 495 227 566 At,
244 491 276 556 Ο
292 493 415 578 hospes,
430 513 564 576 corpore
576 493 704 579 quidem
720 515 783 558 non
799 515 833 558 ee
847 493 1006 572 deformia,

172 577 268 644 Utad
278 579 423 644 mulieres
431 581 615 656 alliciendnr,
623 601 717 665 quarn
725 583 769 644 ob
778 602 899 646 onerem
906 580 1032 646 'l'hebae
1043 581 1170 647 venietis

172 663 276 730 Come
289 667 373 730 enim
388 677 443 730 tua
457 664 580 750 prolixe
594 675 647 741 eet,
664 687 726 730 non
745 666 859 732 luctam
876 667 1029 746 redolent,

172 751 269 816 Circe
281 774 378 839 genae
393 750 568 837 iprensium,
583 750 812 837 plenaamorer
1104 763 1171 820 400

173 836 292 902 Album
309 859 385 902 rere
398 841 537 903 colorem
552 859 593 902 ex
609 840 788 923 composito
803 837 918 904 lactum
933 840 1040 920 habea,

172 923 247 988 Nou
263 927 316 988 rud
330 923 426 990 radiis
440 923 525 1002 solia,
540 923 596 988 sed
610 925 669 988 nub
684 928 806 1003 umbre,

170 1009 325 1074 Venerem
341 1009 574 1094 pulchritudine
588 1023 730 1095 captans.

170 1094 347 1184 Dirigitur
362 1096 439 1161 mihi
453 1097 602 1181 primum,
618 1097 762 1182 quisnam
777 1098 818 1162 ais
832 1119 956 1198 genere.

85 1201 156 1248 nac.
171 1181 332 1332 lacta‘ptia
352 1181 442 1248 nulla
463 1197 511 1248 ert
540 1203 629 1266 quam
653 1193 768 1266 putas.-
791 1182 881 1249 laede
902 1197 1004 1250 annm
1027 1187 1087 1250 erit
1109 1185 1170 1251 hoc

280 1289 381 1334 rcere:

172 1351 319 1418 Floribus
333 1354 546 1420 abundantem
562 1353 712 1420 Tmolum
729 1355 882 1421 novistine
897 1355 1031 1423 auditu?

85 1457 161 1504 ern.
172 1438 269 1519 Nori,
283 1441 338 1528 qui
355 1440 469 1508 Sordes
484 1439 658 1506 circumdat
672 1442 822 1528 undique.

84 1524 346 1606 recluderem,
364 1527 464 1615 Lydia
480 1549 554 1592 vero
569 1527 646 1592 milri
661 1539 706 1594 ert
720 1530 832 1612 patria.

86 1631 160 1676 mr.
172 1611 270 1680 Unde
286 1635 359 1680 rero
374 1614 443 1679 inec
457 1635 543 1679 sacra
557 1613 660 1678 adfers
674 1615 714 1701 in⁸
723 1615 906 1680 Crucium?

83 1717 156 1764 eac.
173 1699 317 1766 Bacchae
332 1721 399 1776 noe,
415 1700 498 1766 lilius
511 1701 609 1780 Jovis,
624 1701 656 1765 in
671 1723 740 1765 eam
755 1702 857 1766 duxit.
1106 1711 1170 1768 440

85 1803 159 1851 run.
170 1783 270 1852 Estne
284 1786 382 1872 igitur
396 1787 461 1850 illie
476 1787 587 1873 aliquis
602 1787 737 1871 Jupiter,
752 1788 805 1872 qui
820 1787 931 1875 gignet
944 1811 1042 1853 novos
1056 1787 1156 1854 deor?

83 1889 156 1935 erc.
171 1869 263 1936 Non:
286 1873 340 1936 aed
355 1872 410 1960 qui
426 1872 570 1938 Semelen
585 1871 638 1937 hic
650 1873 706 1936 aidi
720 1873 885 1958 conjunxit
902 1873 1039 1961 Nuptiis.

84 1975 159 2020 ern.
170 1955 290 2024 Utrum
304 1971 402 2023 noctu
417 1971 459 2039 te,
474 1979 515 2022 an
529 1959 665 2023 interdiu
681 1959 784 2046 coegit
798 1959 856 2023 ltec
867 1963 990 2026 mirer

82 2061 155 2108 nac.
168 2043 308 2110 Cernens
322 2057 510 2122 cernentem,
526 2057 558 2109 et
572 2044 701 2109 tradidit
715 2046 777 2108 lraec
787 2067 884 2110 mere.

82 2147 160 2196 reu.
170 2129 256 2194 Haee
270 2151 346 2197 rere
359 2131 448 2220 orgia
463 2151 556 2218 quam
572 2131 707 2216 speeiem
722 2130 840 2196 habent
855 2129 939 2196 tibi?

80 2233 153 2280 nac.
166 2215 264 2282 Nelea
278 2228 322 2284 ert
336 2217 416 2282 ecire
429 2239 494 2282 non
510 2216 894 2282 initiator-Bacchirecris
908 2215 1067 2282 mortales.

82 2319 158 2366 eru.
169 2301 330 2368 Feruntne
343 2302 480 2389 aliquam
496 2301 660 2368 utilitatem
676 2303 950 2369 sacrificantibua?

82 2405 156 2452 aar.
169 2387 243 2452 Non
259 2399 304 2453 erl
317 2387 365 2453 t‘aa
378 2403 410 2455 te
424 2389 542 2466 audire,
558 2403 632 2454 sunt
646 2403 750 2454 tamen
765 2391 895 2478 cognitu
909 2390 1016 2480 digna.

81 2493 157 2540 een.
169 2473 266 2540 Recte
279 2473 341 2540 hoc
354 2474 479 2556 lucenti,
494 2488 531 2541 ut
544 2477 635 2541 velim
651 2477 704 2542 lroc
717 2477 835 2542 uudire.

79 2579 153 2626 eac.
165 2559 363 2645 Impietatem
379 2561 578 2664 profitentem
592 2561 746 2648 Mysteria
760 2561 886 2650 fugiunt
900 2559 976 2627 Dei.
1103 2567 1166 2626 450

80 2645 214 2712 eemTu
230 2647 315 2712 enim
329 2645 409 2713 diere
423 2663 454 2715 te
468 2647 580 2712 ridiara
593 2649 686 2713 deum
702 2649 816 2734 palam,
833 2648 934 2748 qualia
947 2643 1039 2711 erat?
1138 2646 1144 2658 '

80 2741 152 2798 naci
165 2733 278 2810 Qualia
292 2735 355 2817 ipre
368 2735 485 2800 voluitt
508 2754 571 2798 non
588 2737 663 2798 eninr
679 2757 739 2818 ego
752 2733 975 2821 praecrpiebem
991 2731 1063 2796 hoc.

46 2854 51 2868 ·
81 2837 156 2884 eru.
168 2820 251 2886 Hrec
264 2833 349 2885 certe
363 2819 425 2885 elio
439 2820 583 2891 detinenti
600 2819 691 2901 bene,
705 2833 737 2884 et
750 2842 814 2885 non
830 2821 910 2884 bene
924 2818 1044 2883 dicem.

79 2925 151 2970 auc.
165 2905 332 2972 Videbitur
346 2907 417 2992 quis
433 2929 497 2972 non
512 2928 621 2992 sapere
634 2907 661 2970 ai
677 2919 783 2970 nerret
796 2906 953 2990 imperito.

80 3011 157 3056 ren.
168 2991 289 3057 Venisti
303 3005 409 3058 autern
426 3004 460 3058 tu
475 2993 613 3078 primum
627 2991 700 3068 huc,
716 2990 803 3056 hunc
817 2991 980 3056 adducent
994 2985 1118 3054 deum?

78 3097 151 3144 aac.
164 3077 285 3144 Omnea
302 3077 435 3144 Barbari
451 3080 599 3143 saltantes
613 3077 772 3144 celebrant
786 3077 856 3142 haec
870 3079 970 3164 orgia.

78 3184 151 3228 ηπ.
165 3163 302 3248 Sapiunt
315 3165 399 3230 enim
417 3165 515 3229 multo
531 3167 616 3250 pejus
630 3185 726 3314 (prtum
739 3165 855 3230 Groeci.

78 3269 149 3316 arc
160 3251 227 3316 Inte
241 3253 273 3314 irr
288 3251 375 3316 rebus
389 3250 473 3316 hisee
483 3251 578 3337 longe
589 3273 640 3314 me
652 3251 716 3315 iun:
738 3251 790 3314 ned
803 3245 1164 3314 morerrrmtditeimiler.

79 3355 154 3400 retr.
169 3335 250 3402 iimo
263 3358 340 3402 vero
354 3359 443 3402 secra
458 3349 564 3415 noctu,
578 3360 619 3402 an
635 3335 782 3412 interdiu,
798 3334 897 3401 faeie?

78 3443 147 3488 aar.
162 3421 272 3488 Noctu
286 3422 408 3510 plerum
432 3445 488 3488 ue:
512 3423 650 3488 tenebrae
665 3423 742 3486 enim
754 3421 872 3486 habent
886 3421 1004 3508 aliquid
1020 3419 1153 3508 augenti.
1263 3435 1267 3444 “

78 3529 150 3574 emt.
163 3510 207 3574 Ar
222 3509 284 3576 boo
298 3507 421 3574 mulieri
447 3533 482 3574 ua
498 3509 680 3574 insidiosum
695 3521 787 3574 estet
801 3509 958 3574 vitiosum.
1100 3513 1160 3572 401

78 3615 148 3663 etc.
163 3593 269 3660 Etiam
286 3595 422 3660 interdiu
437 3595 575 3660 inveniat
589 3595 702 3682 aliquia
717 3595 956 3680 turpitudinem.

80 3703 152 3749 rau.
162 3681 214 3747 Te
227 3705 297 3748 nero
310 3703 420 3768 prenae
435 3683 511 3746 dare
526 3695 651 3768 oportet
663 3691 784 3764 propter
797 3681 897 3781 impia
909 3678 1111 3764 rophirmeta.

78 3787 147 3836 aar.
158 3767 209 3832 Te
224 3789 299 3832 rere
310 3779 432 3854 propter
442 3767 656 3844 stoliditatem,
671 3783 703 3832 et
714 3769 788 3854 quia
799 3789 831 3831 ee
841 3770 957 3868 impius
967 3785 1044 3850 erge
1056 3763 1163 3829 deum.

79 3875 152 3920 reu.
162 3854 273 3932 Quam
288 3853 394 3920 audax
411 3865 455 3919 ert
471 3855 528 3920 iate
545 3853 700 3935 Bacchus,
715 3873 773 3918 nee
787 3853 950 3938 impertnrr
964 3849 1131 3916 verborum
1145 3847 1153 3914 l

80 3961 148 4008 rac.
161 3941 264 4089 Dira}
283 3939 364 4091 quidR
385 3953 527 4026 oporteat
546 3941 610 4026 pati
633 3961 700 4004 me:
732 3939 819 4026 quod
841 3951 932 4004 atrox
948 3937 1064 4001 mnium
1084 3935 1163 4001 mibi

258 4047 341 4090 acres

80 4133 153 4178 retr.
164 4111 311 4178 Primum
327 4111 454 4198 quidem
470 4112 636 4178 delicatum
654 4125 742 4176 tuum
759 4109 939 4176 cincinnum
956 4107 1149 4175 nbrcindem.

79 4219 146 4266 arc.
160 4201 259 4266 Sacer
273 4211 317 4264 ert
332 4198 464 4284 capillus
478 4201 555 4263 iate:
578 4199 651 4264 Deo
663 4199 748 4262 enim
763 4199 866 4282 iprum
882 4197 999 4261 nutrio.

81 4307 148 4352 reu.
162 4285 290 4352 Deinde
304 4285 447 4372 tlryrsnnr
463 4285 548 4350 hunc
564 4285 653 4349 trade
667 4307 706 4348 ex
723 4283 877 4349 manibus.

617 4391 637 4434 o
653 4395 675 4458 g
691 4381 709 4436 3
