2794 4862
357 177 795 270 uunaouuoua.
1053 215 1116 276 aas

136 380 277 466 Propoaoi
287 379 508 461 liliiuoorncm,
521 393 632 465 quate
645 379 754 445 dolose
767 380 888 458 iridem,

136 469 174 535 Ut
185 467 303 532 venires
317 467 349 530 in
364 489 450 530 meas
465 489 577 532 manus
590 467 629 531 ad
644 488 777 532 necem.
1051 478 1118 536 480

134 555 170 620 Et
181 571 246 620 tuas
260 553 390 640 quidem
408 575 456 616 res
471 552 518 618 sic
531 575 565 616 se
580 552 696 618 habere
710 554 806 618 scias:

136 637 186 707 sed
200 641 240 706 de
254 643 313 704 isto
328 661 428 725 puero
441 661 511 702 maa
525 639 589 703 filia
599 639 767 724 judicabit,
785 688 788 694 .
870 683 873 692 .

134 728 239 794 Utrum
253 725 328 790 velit
342 748 415 790 aum
429 723 616 803 interficere,
632 747 671 790 an
686 747 761 790 non.

134 813 188 879 Sed
201 811 278 876 vade
292 813 326 876 in
341 813 423 876 hauc
437 811 578 894 domum,
594 825 631 876 ut
644 811 760 876 liberos

132 900 232 965 Discus
246 919 311 962 non
326 897 450 962 afficere
464 899 664 975 contumelia,
679 920 767 962 serva
781 899 930 964 existens.
1007 971 1009 976 ,

59 987 195 1052 'auullm
208 983 305 1048 mibi!
329 983 404 1050 dolo
418 1006 469 1048 me
483 982 641 1068 decepisti,
658 1007 765 1049 summ
780 985 1012 1052 circumventae.

56 1071 269 1138 acuPrsadioa
282 1073 337 1134 hoc
349 1070 515 1134 omnibus:
537 1093 602 1135 non
617 1071 701 1136 enim
715 1092 877 1158 negamus.

54 1162 174 1224 suumn
185 1171 257 1223 sunt
272 1159 339 1222 haec
353 1158 437 1243 apud
452 1180 518 1233 voa,
534 1160 588 1242 qui
602 1157 643 1222 ad
661 1157 812 1222 Eurotam
829 1157 976 1223 habitatis
992 1158 1098 1223 rectu?

55 1245 171 1310 unuEt
190 1245 237 1322 iia,
252 1244 361 1392 quidin
387 1243 495 1329 Troja,
518 1257 554 1308 ut
576 1243 630 1329 qui
653 1243 769 1329 injuria
788 1243 891 1308 affecti
913 1257 998 1325 sunt,
1018 1245 1118 1310 vicem

207 1353 241 1394 rc
284 1353 304 1394 n
329 1347 392 1395 ant.

51 1441 91 1484 ru
99 1419 210 1484 o.Deos
219 1353 294 1482 addo
306 1439 369 1481 non
380 1416 455 1481 dcoa
463 1439 532 1492 ease,
542 1439 601 1482 nco
613 1416 782 1482 vindictam
799 1415 915 1483 habere
928 1421 1039 1504 putas?
1054 1427 1118 1483 440

49 1503 236 1580 raauQuum
249 1502 320 1568 haec
334 1516 437 1580 erunt,
453 1517 530 1568 tuno
544 1501 702 1568 feremus?
722 1517 754 1568 tc
768 1525 842 1568 vero
857 1506 1010 1570 occidam.

48 1595 177 1656 suumn
188 1603 221 1654 et
233 1589 355 1674 pullum
371 1589 457 1654 hune
471 1589 512 1654 ab
526 1589 583 1654 alis
596 1589 761 1654 auferens?

46 1677 220 1743 mau.Non:
242 1675 297 1740 sed
311 1675 386 1740 fitiae
400 1675 492 1753 dabo,
508 1677 535 1739 si
550 1675 635 1753 velit,
651 1675 871 1741 occidendum.

45 1787 121 1829 aun.
130 1763 202 1828 Heu
218 1761 315 1826 mihi!
340 1762 501 1848 quomodo
514 1762 611 1849 igitur
625 1776 657 1826 te
670 1762 853 1846 deplorabo,
870 1759 984 1827 Ofili?
1111 1806 1112 1814 .

41 1849 286 1916 neanimirum
300 1864 385 1914 certa
399 1847 488 1912 illum
503 1871 575 1932 epea
590 1870 653 1912 uon
663 1860 782 1912 manet.

40 1935 158 2002 ΜΟ
172 1934 319 2000 omnibus
333 1934 520 2000 hominibus
531 1934 736 1998 inimicissimi
752 1933 943 2012 mortalium,

127 2023 250 2106 Spartoe
264 2020 386 2098 incolae,
401 2020 512 2086 dolosa
527 2019 745 2098 conciliabula,

126 2107 367 2176 Mendaciorum
384 2109 551 2193 principes,
566 2105 757 2172 fraudulenti
773 2119 895 2171 sutores
909 2104 1078 2184 malornm,

125 2195 295 2269 Tortuosa,
311 2208 343 2259 et
357 2193 434 2259 nihil
451 2194 528 2269 asni,
545 2193 600 2258 sed
615 2194 721 2258 omnia
735 2214 792 2278 per
807 2192 955 2279 ambages

123 2283 317 2370 Cogitantes,
332 2282 490 2345 immerito
503 2280 621 2344 floretis
636 2281 669 2342 in
683 2278 821 2344 Graacio.
1060 2289 1124 2346 450

124 2368 215 2446 Quid
228 2369 345 2432 melerir
359 2389 423 2432 non
439 2367 531 2432 estin
546 2364 660 2430 vobis?
680 2363 788 2430 nonne
800 2365 947 2450 plurimae
958 2363 1083 2430 caedes?

124 2455 244 2520 Nonne
258 2457 360 2539 turpis
382 2466 519 2538 quaestus
540 2452 647 2537 cupidi
669 2455 771 2517 estis?
787 2472 895 2516 uonnc
915 2451 977 2516 alia
997 2451 1124 2538 quidem

211 2541 351 2605 dicentes
1061 2581 1069 2594 ι

121 2628 266 2714 Lingua,
281 2627 343 2691 alia
357 2649 432 2691 vero
445 2626 615 2692 sentientes
628 2625 902 2712 deprehendimini
916 2624 1062 2710 semper?

124 2716 276 2784 Penestis.
322 2713 408 2778 Mihi
423 2735 498 2777 vero
513 2735 598 2778 mors
612 2735 677 2777 non
691 2714 771 2777 adeo
784 2712 890 2799 gravis
903 2721 957 2788 est,

125 2801 172 2866 Ut
188 2799 248 2864 tibi
263 2799 408 2865 videtur:
431 2798 486 2863 illa
499 2800 583 2864 enim
599 2802 681 2864 mala
696 2821 746 2862 me
756 2797 972 2884 perdiderunt,

123 2885 270 2964 Quando
283 2887 401 2950 misera
413 2885 489 2950 urba
506 2885 668 2973 Phrygrun
682 2899 731 2948 est
745 2895 931 2968 consumpta

120 2973 171 3038 Et
186 2995 277 3038 meus
290 2972 428 3057 inclytus
444 2971 593 3053 Maritus,
608 2971 663 3055 qui
678 2985 709 3035 te
723 2993 806 3056 saepe
820 2969 911 3034 hasta

121 3060 218 3126 Fecit
234 3058 354 3124 malum
368 3071 497 3123 nautam
511 3080 570 3142 pro
584 3059 677 3123 milite
690 3057 840 3122 terrestri.

119 3147 225 3212 Nunc
238 3167 315 3210 aero
329 3158 441 3210 contra
454 3145 617 3210 mulierem
631 3165 787 3230 apparens
799 3141 947 3206 terribilis
960 3141 1049 3206 miles

114 3231 362 3300 interficiente:
378 3231 537 3296 interfice:
554 3231 701 3318 quianon
717 3229 884 3294 delinitum
899 3243 930 3292 ta
944 3227 1128 3293 saltcmaoo

114 3320 171 3387 Et
185 3334 275 3384 tuam
291 3317 386 3382 filium
403 3341 473 3382 mea
487 3317 597 3404 lingua
610 3317 779 3382 dimittam.
831 3365 835 3386 .

110 3406 288 3478 Quoniam
300 3419 334 3469 tu
350 3405 476 3486 quidem
492 3427 526 3468 ea
536 3426 674 3492 maginus
688 3403 720 3466 in
738 3404 863 3488 Sparta,

113 3494 198 3560 Nos
213 3514 291 3556 vero
306 3491 337 3554 in
354 3489 464 3576 Troja.
510 3491 546 3556 si
560 3490 710 3573 verojam
725 3511 793 3554 aum
809 3489 842 3552 in
854 3485 1129 3562 adversaturum,

108 3579 157 3646 N
158 3601 180 3644 e
194 3590 365 3663 propterea
378 3577 532 3664 gloriare:
559 3577 634 3663 quia
648 3591 680 3640 et
696 3589 730 3640 tu
744 3588 833 3660 potes
848 3575 881 3638 in
896 3595 963 3637 eam
979 3571 1129 3653 incidere.

33 3697 89 3738 ro.
106 3669 306 3751 Nunquam
319 3664 464 3751 geminos
479 3662 577 3728 lectos
591 3662 730 3728 laudabo
744 3661 925 3725 mortalium
1001 3656 1068 3742 (itr.
1086 3661 1128 3738 l.)

105 3753 246 3839 Neque
260 3751 387 3828 liberos,
403 3751 458 3837 qui
471 3749 590 3814 habent
603 3749 742 3814 diversas
756 3761 880 3824 matres,

97 3840 232 3908 Litcm
248 3837 377 3914 aedium,
393 3851 425 3901 et
438 3837 542 3900 tristes
554 3835 688 3900 dolores.

95 3925 272 3996 Maritus
288 3926 321 3988 in
336 3923 455 4008 nuptiis
465 3921 543 3986 mihi
559 3924 598 3986 sit
613 3933 778 3988 contentus
794 3941 857 3984 uuo

91 4017 232 4085 Lecto
246 4011 306 4074 viri
320 4033 386 4074 non
400 4009 635 4074 communicato
648 4031 711 4074 curu
726 4009 811 4072 aliia.

89 4101 246 4183 Neque
259 4097 344 4161 enim
359 4097 391 4160 iu
409 4095 541 4160 urbibus
554 4095 620 4160 duo
630 4095 772 4180 imperia.
887 4093 1025 4175 (aaut.)
1069 4094 1134 4157 470

87 4183 270 4260 Facilius
285 4195 418 4268 possum
428 4181 502 4247 sarri
519 4205 615 4269 quam
631 4203 747 4246 uuum:

83 4277 189 4346 Est
203 4270 291 4334 anim
306 4290 387 4362 onqs
400 4291 496 4354 supra
510 4288 603 4350 onus,
619 4279 651 4334 et
661 4266 776 4334 reditio
789 4265 919 4331 civibus.
