2798 4862
370 155 623 224 IPHIGENIA
646 155 698 223 IN
719 155 908 226 TAURIS.
1124 170 1187 230 stt

102 355 168 400 reu.
183 331 283 398 inune
296 345 417 411 votum,
433 333 466 398 Ο
479 333 585 412 miser,
601 333 742 422 quisquis
755 334 884 401 tundent
899 357 943 414 es,

178 417 323 484 Voristi:
346 411 573 485 habitet-enim
597 429 649 485 tun
669 441 753 486 soror
774 421 886 505 procul
907 423 947 488 ab
967 421 1026 488 hec
1047 422 1185 490 berbnrn

264 519 358 572 terra.

178 591 405 668 Veruntamen,
420 591 495 680 quis
511 591 649 679 Argivus
662 614 706 671 es,

178 678 228 744 Ne
241 699 302 764 ego
315 677 444 766 quidem
459 676 569 742 saltem
584 700 892 766 emmerammus
900 691 1046 763 precere
1056 694 1184 768 potero,

260 767 405 830 omittam
421 763 570 830 officium.

176 847 318 914 Multum
333 851 419 916 enim
434 861 581 916 crustum
596 850 653 915 tibi
670 850 702 914 in
718 850 886 936 sepulchro
900 873 1028 938 ponem,

176 935 220 1000 Et
234 935 316 1000 flavo
330 936 401 1002 oleo
415 959 453 1002 co
493 957 531 1000 us
545 947 636 1000 tuum
650 957 778 1023 ungam,

175 1021 218 1087 Et
232 1035 392 1088 montcue
407 1043 448 1088 ex
485 1021 592 1087 oribus
606 1035 785 1088 manentem
801 1021 965 1089 humorem
1096 1027 1101 1040 ’

175 1107 284 1173 Flevae
297 1109 366 1194 epis
378 1109 518 1195 injiciam
531 1109 564 1172 in
579 1121 669 1173 tuum
685 1130 809 1195 rogum.
1113 1119 1178 1180 620

174 1195 237 1260 Sed
253 1194 317 1272 ibo,
332 1208 364 1260 et
378 1193 483 1259 literne
497 1217 538 1258 ex
551 1193 666 1260 sacello
681 1194 763 1260 Deoe
1080 1249 1085 1264 .

174 1279 334 1346 Portcbo:
357 1303 421 1345 non
436 1295 542 1344 tumen
559 1279 636 1344 mihi
649 1280 733 1346 hanc
747 1280 964 1350 crudelitatem
978 1281 1110 1368 imputa.

173 1365 324 1444 Ministri,
340 1366 495 1432 custodite
509 1387 562 1432 eos
576 1366 644 1433 sine
657 1367 801 1432 vinculis.
952 1387 958 1398 ·

172 1451 318 1518 Fortasse
333 1453 492 1538 insperato
506 1473 649 1518 meorum
665 1456 838 1518 amicorum
853 1453 947 1520 elicui

171 1537 304 1604 Mittnm
318 1540 366 1603 Ar
389 1561 434 1614 os,
450 1561 562 1615 ennam,
578 1561 657 1626 quos
672 1540 810 1604 maxime
823 1561 840 1604 e
898 1563 981 1619 nmo,

171 1623 215 1688 Et
229 1624 328 1688 literae
344 1625 351 1639 ’
378 1626 389 1689 i
403 1626 515 1703 vivere,
531 1647 611 1711 qnos
626 1639 798 1690 mortuosc
856 1629 890 1704 it,

171 1710 392 1795 Significantes
407 1732 518 1797 perum
533 1713 696 1777 credibilis
708 1710 826 1798 gaudie
840 1711 1089 1778 annunciabunt.

73 1795 596 1882 cuo.Deplorotelustrstionum
1089 1801 1174 1885 (εῖν.)

170 1882 280 1948 Guttis
294 1882 483 1960 destinatum
498 1884 597 1967 guttis
611 1882 761 1949 cruentis.

70 1967 404 2118 oanoechquidem
427 1991 491 2034 non
514 1979 582 2034 sunt
602 1969 678 2033 milri
699 1968 887 2050 miserendm
903 1993 999 2057 quere
1016 1970 1124 2051 valete,
1140 1972 1173 2037 Ο

278 2078 313 2120 os
338 2057 403 2120 iter.
495 2095 499 2104 ·
1108 2067 1172 2126 680

64 2164 157 2210 cuo.
169 2139 221 2206 Te
236 2076 442 2225 cernimur
455 2141 575 2206 felicem
590 2155 717 2218 sortem,
733 2141 766 2206 Ο
781 2140 970 2222 adolescens,
1090 2145 1174 2230 (etr.)
1211 2157 1215 2166 '

165 2227 385 2304 Admiramur,
399 2228 432 2292 in
447 2228 581 2314 putrium
596 2227 681 2314 quod
694 2227 821 2292 tandem
837 2226 963 2295 redibis.

62 2319 151 2381 err..
165 2311 244 2378 Non
257 2313 400 2400 optanda
411 2313 528 2390 amicis,
544 2313 750 2379 morientibus
765 2312 883 2380 amicis.

60 2422 153 2469 cno.
167 2397 202 2464 Ο
217 2399 393 2466 miserande
407 2399 564 2487 navigatio
576 2397 583 2465 l
1056 2405 1167 2488 (epoti)

58 2545 62 2552 .
165 2483 256 2566 Heu,
270 2483 352 2552 heul
378 2487 490 2572 perire.

162 2570 358 2638 AEaeaeael

165 2657 250 2724 Uter
264 2671 320 2736 est,
335 2659 392 2746 qui
405 2657 606 2724 destinatur?

162 2743 283 2810 Adhuc
296 2747 380 2809 enim
393 2745 544 2833 ambigue
558 2745 590 2809 in
605 2743 732 2833 gemine
744 2756 886 2809 movetur
899 2764 1000 2822 mens,

165 2831 278 2895 Utrum
292 2843 324 2896 te
337 2831 437 2917 prius,
453 2853 492 2896 nn
510 2845 541 2896 te
554 2830 700 2896 lamentis
712 2828 855 2894 defleam.
1040 2829 1042 2840 '

43 2939 149 2986 omn.
161 2915 296 3000 Pylade,
311 2916 365 2983 dic
378 2939 436 3003 per
451 2917 549 2993 Deos,
564 2915 790 2993 affectusnens,
806 2914 886 2980 sicut
900 2914 984 3003 ego?
1104 2927 1169 2985 640
1263 2917 1271 2934 ‘

42 3025 151 3074 rvr..
164 3001 301 3067 Nescio:
324 3004 499 3092 interroges
514 3024 566 3068 me
580 3025 653 3068 cum
669 3023 732 3066 non
748 3001 865 3088 possim
881 3001 1082 3088 respondere.

38 3101 149 3160 oriz.
162 3087 324 3164 Queenem
341 3105 388 3154 est
401 3089 471 3154 haec
485 3087 614 3175 puelle?
635 3111 731 3176 quum
747 3087 934 3154 Graecenice

158 3175 290 3242 Interro
332 3176 376 3242 rit
390 3197 458 3254 nos,
473 3175 560 3240 etde
574 3173 789 3242 luboribus'nd
807 3173 900 3240 llium
917 3176 1057 3240 rotantis

160 3261 207 3326 Et
221 3261 262 3326 de
277 3199 464 3328 &iecorum
481 3261 596 3342 reditu,
611 3277 643 3327 et
656 3261 697 3326 de
711 3273 781 3326 vete

158 3346 336 3414 Calchante
350 3361 382 3413 et
395 3348 437 3413 de
450 3347 591 3413 Achille:
614 3365 647 3414 et
661 3347 811 3412 miserum

156 3435 435 3516 Agamemnonem
451 3455 546 3520 quem
561 3447 608 3499 est
622 3431 787 3498 miseretnl
811 3431 1083 3518 interrogavitque
1093 3454 1145 3498 me

156 3521 215 3588 De
232 3542 343 3602 uxore,
358 3533 390 3586 et
405 3520 510 3585 liberis
524 3519 596 3604 eyits.
629 3519 713 3584 Hoec
728 3518 853 3604 hospite
868 3531 914 3584 est
928 3539 1044 3606 genere

159 3604 256 3671 lllinc
264 3607 406 3690 prosecta
423 3605 544 3695 Argius
556 3606 680 3693 uliqunt
702 3627 864 3754 nunzuem
880 3603 964 3670 enim
979 3605 1061 3670 alias

154 3691 282 3758 Literns
296 3693 434 3758 mitteret
448 3715 483 3758 eo
499 3713 557 3757 nec
570 3704 761 3756 scrutaretur
799 3713 856 3766 sec,

155 3777 261 3855 Quasi
276 3799 478 3844 communem
492 3777 652 3844 munnam
667 3775 798 3855 hebens,
813 3778 838 3842 si
855 3777 937 3863 Argi
953 3795 1019 3840 rem
1035 3773 1166 3840 feliciter

285 3877 366 3930 rnnt
1101 3871 1167 3930 stu

16 3996 23 4005 -
54 3990 61 3999 ·
77 3977 136 4024 1..
156 3886 330 4016 paulgeme
344 3951 559 4016 antevertistir
582 3950 692 4015 eedem
709 3971 784 4014 vero
798 3947 878 4014 dicis
891 3959 1099 4027 antevertens,

156 4037 282 4103 Praeter
296 4037 353 4101 loc
369 4059 483 4102 unum:
507 4057 619 4122 regum
633 4036 717 4101 enim
732 4034 837 4100 clades

153 4125 278 4188 Omnes
293 4137 420 4199 norunt,
436 4123 490 4274 zui
505 4122 612 4209 aliquo
626 4121 724 4188 modo
737 4119 938 4187 considerent
955 4122 1052 4188 talin:

156 4210 221 4275 Sed
240 4222 271 4274 et
285 4207 369 4276 aliud
385 4209 439 4296 qui
464 4207 537 4276 deur
552 4208 725 4359 considere.

590 4315 608 4358 n
