2802 4858
253 230 296 292 96
634 213 998 286 EURIPIDIS·

251 414 326 462 cns.
337 392 478 458 Reudiru
489 402 546 470 est,
559 392 591 456 in
607 392 780 478 periculum
796 391 934 457 incidere
947 391 1054 455 noctis
1064 391 1099 458 in
1112 391 1259 460 mebris.
1269 399 1318 463 7³⁰

253 480 455 548 sruVerum
470 477 546 543 dum
561 479 743 554 coenabunt,
758 477 791 541 in
807 500 859 542 eos
873 479 1027 562 impetum
1042 475 1182 548 ioelum?

251 587 325 632 curs.
335 568 456 632 Terror
468 563 550 629 forte
564 564 675 630 suerit:
699 576 825 649 oportet
838 575 944 628 sutem
959 565 1095 630 vincere.
1110 601 1112 611 >

250 650 462 718 ernvsdum
476 673 552 716 vero
567 651 730 716 Dircoeum
744 649 939 735 profundum
955 663 1002 715 ert
1015 649 1057 715 sd
1072 650 1277 718 redeundum

251 759 325 805 crte.
336 737 456 804 Omnis
469 749 542 802 sunt
556 737 711 803 deteriora
724 757 820 823 quern
834 735 916 800 bene
929 755 1048 801 curere

250 845 325 892 ers.
336 824 425 902 Quid
439 847 524 896 vero.
537 825 563 888 si
577 823 716 910 equitatu
731 823 914 890 adoriemur
926 823 1100 890 exercitum
1116 821 1325 914 Argivorum?

248 932 322 978 crte.
334 911 378 977 Et
391 910 449 976 tibi
462 911 621 976 exercitus
635 909 781 975 curribus
795 909 935 994 undique
948 921 1055 994 septus
1069 923 1128 975 est.

248 1019 324 1064 rme.
333 997 419 1070 Quid
433 997 530 1086 igitur
543 995 679 1062 faciem?
713 997 765 1061 An
779 994 894 1060 dedum
911 994 1021 1060 urbem
1038 995 1145 1062 horti?

249 1105 324 1150 ene.
335 1086 560 1171 Nequaquam:
584 1082 638 1148 sed
653 1082 802 1160 delibem,
818 1081 843 1146 si
857 1081 986 1168 quiden
1000 1103 1035 1147 es
1049 1083 1187 1168 sepiens.

250 1191 322 1236 ere.
335 1169 432 1248 Quod
447 1170 544 1258 igitur
555 1168 719 1234 consillum
734 1171 794 1234 erit
807 1165 1000 1252 sapientius?
1132 1200 1137 1212 ·

247 1277 323 1324 cns.
334 1257 433 1323 Aiunt
445 1254 532 1341 apud
548 1257 651 1321 hostes
665 1267 784 1340 septem
799 1256 894 1330 viros,
911 1267 946 1319 ut
957 1277 978 1318 e
998 1275 1020 1318 o
1034 1253 1189 1320 audivi-
1273 1265 1326 1326 740

247 1363 321 1409 ers.
332 1342 419 1421 Quid
442 1341 626 1443 mundatum
647 1341 765 1408 hebere
786 1357 822 1408 ut
843 1273 999 1406 irruitsut'dg
1012 1342 1080 1406 istae
1101 1342 1190 1412 enim
1212 1343 1325 1431 exigue

420 1441 495 1492 sunt
509 1447 599 1493 mres.

249 1535 324 1582 cns.
335 1514 476 1580 Praeesse
490 1526 608 1599 septem
623 1513 817 1589 cohortibus,
834 1525 869 1577 ut
882 1512 1035 1580 insudent
1048 1525 1169 1600 portes.

247 1621 322 1668 tre.
331 1600 418 1672 Quid
426 1599 524 1688 igitur
534 1600 704 1666 sociemus?
720 1599 970 1684 desperationem
980 1600 1064 1664 enim
1074 1621 1140 1665 non
1147 1603 1325 1690 expectabo

134 1717 139 1732 ·
248 1709 322 1756 cns.
334 1687 378 1752 ldt
391 1701 426 1753 tu
440 1689 479 1752 sd
496 1699 603 1772 portur
616 1701 735 1772 septem
750 1687 835 1751 siros
848 1686 997 1752 adversus
1011 1708 1065 1752 eos
1078 1686 1172 1776 elige.

246 1795 321 1842 ere.
334 1773 380 1840 Ut
393 1775 523 1858 praesint
538 1773 647 1858 copiis,
663 1785 718 1838 eut
732 1771 833 1838 haste
847 1771 1022 1861 singulari?
1129 1851 1131 1856 Ι

247 1859 539 1939 cenomanicus,
554 1859 694 1948 deligens
708 1881 772 1938 eos,
788 1859 843 1945 qui
856 1861 920 1924 sint
933 1859 1104 1926 fortissimi.
1192 1923 1197 1931 ,

134 1957 136 1968 “
245 1967 320 2012 ure.
332 1945 490 2048 Intelligo,
506 1959 543 2011 ut
556 1947 746 2032 prohibeant
760 1965 924 2011 murorum
940 1963 1113 2010 umorum.

246 2052 320 2098 cus.
332 2031 375 2096 Et
383 2030 515 2096 ducibus
529 2033 630 2100 socios
638 2036 756 2098 addus.-
779 2053 861 2097 unus
878 2033 962 2097 enim
976 2033 1025 2096 vir
1039 2052 1104 2098 non
1118 2034 1325 2100 omnisridet.

248 2139 324 2186 tt'rc.
332 2119 511 2183 Secundum
527 2119 689 2184 sudreiam
703 2119 831 2205 eligens,
847 2137 887 2183 un
902 2119 1077 2184 secundum
1091 2117 1316 2204 prudentium?

245 2203 497 2291 casuumque
503 2229 513 2281 3
536 2227 609 2270 nem
626 2205 812 2270 alterutrum
827 2205 926 2270 solum
942 2205 1022 2270 nillil
1036 2206 1129 2271 velet.
1270 2215 1327 2278 rto

245 2309 321 2358 urs.
329 2289 422 2356 Fient
436 2291 505 2356 haec
520 2292 577 2368 ito,
591 2291 751 2377 proiectus
765 2293 849 2358 enim
864 2294 897 2356 in
911 2294 1111 2378 septiturrcm
1125 2293 1282 2361 ambitum

331 2374 500 2442 Ordiuebo
514 2377 609 2442 duces
623 2381 661 2443 ud
676 2389 794 2465 portes,
810 2391 847 2443 ut·
859 2378 948 2456 dieis,

332 2461 508 2548 Oppouens
522 2485 613 2550 peres
628 2465 757 2550 poribus
767 2464 921 2531 hostibus.

330 2549 470 2615 Numine
483 2572 581 2636 porro
595 2551 791 2640 singulorum
806 2569 967 2616 recensere
980 2550 1112 2640 longum
1126 2567 1219 2634 esset,

333 2635 416 2700 Cum
432 2637 491 2701 sub
505 2635 580 2721 ipsis
594 2639 693 2703 muris
707 2638 907 2704 consederint
919 2639 1035 2704 hostes.

331 2722 392 2788 Sed
409 2723 502 2801 vodo,
517 2745 560 2788 ne
573 2723 669 2790 simus
683 2724 774 2790 otiosi
788 2745 895 2790 menn.

330 2808 464 2875 Utinam
479 2831 554 2874 vero
569 2809 647 2876 mibi
661 2812 825 2900 continget
838 2811 966 2876 fratrem
981 2805 1098 2876 hebere
1112 2814 1304 2898 oppositum,

331 2895 376 2960 Et
389 2897 646 2998 congredientem
662 2897 782 2982 proelio,
797 2899 945 2984 consequi
959 2920 1032 2962 eum
1046 2896 1146 2974 hortu,

332 2975 389 3064 (Et
403 2983 557 3061 occidere,
572 2985 626 3071 qui
640 2985 726 3050 venit
738 2986 898 3050 eversione
911 2986 1045 3070 petrium
1060 2985 1218 3068 daune.)

330 3067 374 3134 Et
388 3070 515 3153 nuptias
530 3071 703 3157 Antigones
715 3093 796 3137 mere
810 3071 937 3147 sororis,
952 3085 985 3135 et
997 3071 1055 3135 lilii
1069 3071 1115 3136 tui
1270 3079 1330 3144 760

330 3153 509 3232 Hermonis,
526 3156 643 3240 siquid
657 3179 718 3243 ego
731 3159 859 3224 fortune
871 3157 955 3224 mele
967 3179 1034 3222 rem
1040 3177 1185 3308 persero

328 3237 405 3304 'libi
420 3253 546 3326 oportet
559 3263 644 3307 curse
658 3265 740 3310 esses
762 3244 1027 3330 sponsionemque
1065 3263 1167 3308 rorem

329 3325 383 3390 De
396 3349 460 3412 que
473 3340 547 3392 ente
559 3330 716 3408 convenit,
732 3351 818 3396 nuno
831 3329 912 3396 secio
926 3331 960 3394 in
974 3331 1065 3395 exitu
1078 3349 1159 3394 meo.

329 3411 374 3477 Es
388 3412 484 3478 freter
498 3415 608 3479 metris
621 3435 717 3481 mere:
741 3416 818 3503 quid
831 3416 938 3482 multis
953 3417 1055 3482 serbis
1068 3437 1150 3503 opus
1163 3415 1237 3484 est?

329 3498 460 3564 Nutriss
474 3523 544 3565 eam
558 3501 655 3590 digne
667 3516 698 3569 et
712 3525 783 3568 men
796 3517 829 3568 et
842 3515 896 3568 tus
910 3525 1013 3570 οιιιιιιι.

330 3585 425 3652 Peter
438 3607 515 3652 vero
528 3589 560 3652 in
577 3589 690 3674 seipse
704 3590 869 3655 stultitiam
883 3589 1019 3668 sdmisit,

329 3671 501 3738 Excaeeens
516 3693 564 3738 se:
588 3695 652 3738 non
667 3674 759 3742 relde
770 3697 845 3741 eum
859 3675 970 3741 leudo:

328 3756 373 3823 Et
386 3781 443 3826 nos
458 3759 551 3826 simul
565 3760 841 3844 imprecationibus
855 3763 928 3841 suis,
944 3763 972 3827 si
985 3761 1050 3826 forr
1063 3760 1170 3844 luerit,
1185 3763 1322 3834 occidet.

329 3843 440 3910 Unum
454 3847 547 3910 nobis
561 3847 711 3910 omissum
725 3861 780 3926 est,
796 3849 822 3914 si
836 3849 922 3936 quod
937 3847 1100 3915 orecuhm

326 3929 672 4006 'liresissvstesnobis
684 3933 790 4000 dicere
802 3947 919 4022 posset,
1267 3945 1335 4009 rto

328 4015 368 4084 Id
383 4017 423 4081 ub
438 4041 477 4084 eo
489 4019 672 4107 exquirere:
698 4019 769 4108 Ego
782 4043 858 4088 rero
871 4021 972 4088 fllium
985 4032 1076 4087 tuum

327 4101 539 4184 Menoeceum,
556 4107 612 4195 qui
627 4127 742 4172 nomen
756 4108 851 4174 habet
864 4110 963 4193 putris
976 4109 1035 4190 tui,

328 4188 458 4256 Mirum
472 4205 509 4258 ut
519 4193 619 4258 ducat
631 4190 694 4257 buc
709 4193 874 4270 Tiresiam,
891 4194 923 4259 Ο
938 4196 1062 4261 Creone

327 4276 450 4342 Tecum
465 4280 550 4344 enim
564 4278 676 4345 lubens
690 4279 723 4344 in
738 4281 931 4370 colloquium
945 4282 1068 4348 reniet:
