2862 4864
638 215 971 288 EURIPIDIS

356 398 400 466 Et
413 384 623 462 oonsidera'vit
683 407 759 471 nur,
775 392 830 458 an
845 391 962 458 feriret.

356 483 456 568 (Mihi
468 480 542 546 v'ero
555 479 621 546 nnn
648 481 712 544 avia
724 479 819 544 dolor
830 478 959 545 anbibat
974 477 1142 559 animiam)

359 571 403 636 Et
422 567 736 719 mffiinapidana
755 579 889 632 terram:
912 563 1017 632 aubito
1038 579 1143 630 autem
1164 577 1235 630 arat
1256 565 1359 630 videre

439 677 485 719 nn
574 675 647 718 nm:

359 741 479 806 Sonum
495 740 579 804 enim
595 739 699 827 plagae
713 725 845 824 dniiibnt
858 735 1027 804 audivisset
1039 735 1215 817 manifeste,

358 825 421 890 Sed
435 849 530 890 nemo
543 825 635 890 novit
649 825 812 912 virginem,
827 845 892 972 Ἱιιο
907 835 1001 890 tarrae
1015 822 1155 890 subierit.
1280 831 1359 890 1⁵60

359 911 485 982 Clamat
496 925 603 978 antam
617 910 772 988 κωπίω,
787 931 843 976 ano
855 923 940 976 amat
953 921 985 974 et
1002 909 1164 976 univarnia
1176 909 1347 986 exercitos,

358 997 563 1086 Impiciantaa
576 997 772 1084 inoperatum
786 997 826 1062 ab
841 995 948 1081 aliquo
963 995 1108 1060 Deorum

360 1083 542 1236 Ostoiliffi3
558 1083 609 1149 cui
628 1106 669 1148 oe
689 1097 757 1148 tam
774 1081 902 1169 qnidam
924 1103 996 1148 cum
1012 1081 1188 1160 videbatur,
1202 1079 1284 1148 fines
1306 1079 1360 1146 ad-

468 1172 475 1186 '
541 1182 629 1235 atur:

362 1255 488 1320 Etenim
505 1255 607 1321 Cerva
620 1255 777 1341 palpitant
786 1253 914 1340 jacebat
927 1255 960 1322 in
976 1268 1071 1330 terra,

359 1342 502 1408 Maxima
515 1343 594 1419 visu,
609 1356 642 1406 et
655 1342 773 1407 exitnia
783 1340 898 1426 spania,

358 1427 474 1514 (anna
488 1427 618 1516 sanguia
631 1428 694 1492 avia
705 1427 787 1492 Deae
796 1423 1044 1512 adspergebatur
1055 1423 1195 1510 undique
1205 1423 1361 1504 abunde.)

356 1513 453 1578 Tnno
462 1515 523 1579 hoe
532 1519 598 1580 aa'so
610 1511 949 1600 Chalcat-quomodo
960 1523 1051 1594 putaa
1057 1509 1257 1600 ?-gandana
1264 1511 1362 1576 dixit:

359 1601 390 1662 0
404 1600 501 1665 doceo
515 1599 693 1666 commanis
707 1600 801 1685 hujus
813 1597 970 1664 exercitus
987 1596 1187 1675 Graecorum,

360 1685 524 1752 Videtisne
537 1685 621 1751 hanc
635 1688 674 1750 ad
689 1707 788 1763 avam,
804 1707 899 1770 quam
914 1684 974 1750 dea

361 1771 489 1838 Obtulit
502 1773 649 1850 hostiam,
664 1794 790 1842 nervam
804 1767 1012 1838 montanam?
1280 1776 1364 1840 1⁵70

363 1857 459 1923 Hanc
473 1859 573 1946 magia
587 1879 682 1945 qnam
696 1857 833 1942 pueliam
846 1857 1008 1944 dignatur,

323 1945 326 1950 ’
362 1945 412 2009 Ne
424 1946 619 2010 contaminet
632 1967 719 2011 aram
734 1944 823 2010 oaedn
836 1965 999 2032 ganemu.

361 2030 513 2096 Libenter
534 2054 575 2096 ne
591 2033 650 2096 hoc
664 2031 796 2115 acoepit,
812 2043 845 2095 et
858 2028 1028 2098 secundam
1044 2029 1275 2116 navigationant

360 2117 461 2184 Dabit
475 2053 575 2194 odiis,
591 2129 623 2182 et
639 2116 692 2182 Ilii
707 2117 916 2182 invasionem:

360 2201 578 2280 Quamobrem
593 2223 703 2268 omnen
716 2202 837 2270 damini
852 2201 968 2268 militet
981 2201 1095 2268 sumite
1108 2202 1242 2279 animoa,
1327 2203 1334 2220 “

360 2289 405 2354 Et
418 2291 461 2355 ite
475 2288 515 2355 ad
530 2311 642 2355 navet:
666 2290 785 2390 quippe
797 2301 928 2374 oportet
940 2288 1004 2354 hoc
1017 2287 1080 2369 die,

362 2373 430 2440 Noa
444 2375 559 2442 reIiotia
573 2375 698 2441 Aulidis
709 2375 795 2441 cavis
808 2375 990 2454 vaoeatibna,

361 2459 524 2546 Trajioere
537 2483 625 2526 mara
637 2461 788 2550 AEgaam.
830 2462 1003 2564 Pnatquam
1018 2481 1094 2526 vern
1107 2471 1175 2526 tota

359 2546 497 2612 Victima
511 2547 676 2616 combusta
687 2549 780 2614 estin
796 2547 929 2618 volam
944 2547 1081 2624 flamma,

361 2633 513 2786 Precatoeffi
525 2647 573 2700 eat
585 2637 724 2700 sacedon
736 2653 889 2722 nonginta,
904 2647 939 2700 ut
951 2633 1108 2701 exercituo
1121 2645 1369 2716 oonaaqnmmr

505 2721 593 2786 tum.
1282 2727 1368 2786 1580

362 2804 466 2871 Mittit
479 2819 585 2872 antem
599 2829 652 2872 me
668 2809 900 2894 Agamemnon,
912 2819 948 2871 nt
961 2805 1021 2872 tibi
1033 2803 1105 2870 Inna
1118 2803 1270 2884 indicam,

274 2926 277 2937 ·
361 2891 407 2958 Et
418 2892 533 2973 dinam,
544 2891 637 2979 quale
650 2891 751 2956 fatum
768 2907 879 2957 nactus
892 2891 934 2956 ait
947 2913 988 2957 ex
1002 2891 1075 2960 Diis

362 2977 407 3044 lte
421 2978 535 3044 balneat
547 2979 681 3068 giorinm
693 2976 903 3044 Immortalem
917 2978 950 3042 in
965 2977 1104 3042 Gvaeaia.

361 3065 533 3146 Ego-vero,
549 3065 604 3150 qni
617 3063 714 3138 adini,
730 3076 762 3129 et
775 3085 842 3130 ram
858 3062 935 3144 vidi,
949 3064 1023 3130 dioo
1038 3063 1096 3130 tibi
1110 3061 1196 3129 hun:

363 3152 445 3218 Filia
458 3163 514 3216 tua
528 3151 633 3236 palam
648 3152 687 3216 ad
703 3150 791 3218 Dana
804 3148 951 3216 avolavit.

364 3237 462 3304 Auier
475 3237 573 3338 igitur
585 3236 740 3314 dolorem,
755 3245 788 3302 et
801 3235 927 3302 remitte
947 3233 1198 3326 indignationem
1213 3235 1372 3302 adversm

447 3337 613 3388 mantum:

362 3411 499 3496 Inopina
512 3409 596 3474 anim
613 3409 800 3474 mortalibua
812 3406 1032 3490 amidansata
1047 3406 1204 3485 narum,

362 3497 407 3562 Et
419 3511 546 3562 servant
559 3517 619 3574 ana,
631 3517 711 3582 quoa
724 3507 849 3561 amant:
871 3494 925 3560 hic
937 3495 1022 3562 enim
1036 3493 1105 3564 diat

361 3583 453 3649 Vidit
467 3597 636 3659 mortuam,
652 3597 684 3646 at
700 3581 800 3646 vivam
816 3595 903 3644 tuam
917 3579 1024 3645 filiam.

276 3693 352 3738 nno.
363 3670 470 3748 Quam
485 3668 578 3733 Iaetor
592 3683 646 3732 tua
660 3687 763 3744 nausa,
779 3666 910 3732 audiena
925 3668 984 3732 itta
996 3689 1017 3732 a
1030 3666 1158 3742 nuncio,
1282 3677 1373 3734 1590

362 3757 475 3822 Vivam
491 3755 576 3820 anina
590 3755 673 3819 inter
687 3753 775 3818 Deo·
790 3769 876 3818 tuam
890 3751 987 3818 tiliam
1005 3773 1132 3818 manera
1146 3749 1235 3816 dicit.

275 3865 347 3912 ctv.
358 3842 391 3910 Ο
405 3843 481 3921 iilia,
495 3841 586 3928 enjus
602 3839 665 3905 Dei
680 3837 799 3905 furtum
811 3861 845 3904 es
859 3836 966 3906 fanu?

362 3927 535 4006 Quomodo
549 3925 703 4012 appellant
720 3923 771 3990 te?
792 3925 953 4012 quomodo
965 3921 1091 3992 dinam?

363 4015 466 4081 solari
480 4037 533 4078 me
545 4013 625 4080 falan
637 4012 696 4076 hoa
709 4033 880 4090 temnunt,

363 4100 412 4167 Ut
424 4104 470 4166 tui
485 4099 589 4165 luctu·
600 4099 699 4164 tristis
713 4097 810 4162 finam
823 4095 960 4164 faciam?

278 4189 391 4256 cuod
452 4187 462 4250 i
476 4199 509 4250 at
522 4187 588 4272 ipae
602 4207 658 4250 vox
674 4185 894 4272 Agamemnon
910 4183 996 4248 venit

434 4293 484 4338 em
499 4272 557 4338 tibi
571 4271 713 4336 diamant
726 4271 833 4336 verba.
