2882 4858
269 203 333 264 490
646 191 977 260 EURIPIDIS

356 364 430 430 Non
445 377 549 428 tamen
559 363 668 449 jubeo,
681 386 741 428 nec
754 364 918 450 prohibeo,
934 365 967 430 0
983 365 1056 443 filu,

355 451 405 514 Te
420 450 519 516 mori:
540 453 593 515 sed
605 451 877 537 morienejuvebis
886 450 1004 518 fruma
1014 465 1096 517 tuoe.

270 558 349 602 nec.
358 538 524 621 Sapienter
533 536 643 622 jubes:
666 560 708 601 ne
722 552 841 603 metues
855 537 972 623 piaculi

356 623 424 688 Mei
439 623 594 708 particeps
609 623 687 702 deri,
704 625 756 688 sed
772 623 870 688 libere
883 625 1011 689 moriar.

420 730 492 774 uere
505 731 591 790 vero,
605 731 716 785 senen
738 709 771 774 in
786 711 848 776 tuis
861 712 945 774 enim
962 711 1107 776 menibus
1119 709 1201 774 mori

355 795 406 859 Vc
419 817 455 859 c:
477 817 616 881 proeseos
629 819 705 861 vero
719 797 855 862 vestibus
868 819 982 883 corpus
997 818 1103 861 meum
1117 809 1204 884 tege:

355 881 442 958 Quis
455 882 551 946 cudis
565 882 606 947 ed
621 883 721 968 ipeum
737 880 941 948 formidabile
953 885 1064 948 rodem
1079 904 1150 969 ego,
1285 889 1341 948 ⁵60
1408 931 1409 970 p

354 967 515 1054 Siquidem
531 981 606 1034 neto
620 991 689 1032 sum
703 991 741 1032 ec
756 971 809 1034 illo
824 981 924 1054 petre,
939 993 977 1034 ee
990 989 1056 1058 quc
1068 967 1198 1057 glorior.
1408 989 1409 1032 t

269 1077 336 1121 ron.
356 1055 430 1119 Non
445 1075 567 1140 possem
582 1054 689 1120 edesse
703 1069 767 1120 ture
781 1055 862 1120 neci.

269 1163 350 1208 unc.
356 1141 410 1208 Tu
423 1163 497 1206 vero
513 1141 598 1206 bunc
611 1141 722 1206 saltem
737 1155 859 1225 rogato,
875 1164 917 1206 ne
930 1164 991 1242 ego
1004 1141 1038 1206 in
1053 1143 1205 1217 virorum,

354 1230 400 1293 At
414 1228 447 1290 in
463 1226 629 1292 mulierum
642 1227 788 1292 menibus
798 1227 898 1293 efflem
914 1249 1062 1294 enimam.

268 1335 345 1381 cuo.
357 1315 406 1378 lte
420 1312 485 1392 fiet,
502 1311 534 1378 Ο
548 1314 660 1378 misero
673 1312 849 1398 virginum:
872 1314 946 1401 quie

185 1457 193 1476 ,
271 1437 275 1459 1
355 1398 440 1464 Mihi
455 1422 581 1485 quoque
595 1401 656 1464 boc
670 1411 742 1464 erret
754 1413 856 1484 turpe,
873 1415 904 1464 te
918 1423 983 1464 non
997 1400 1129 1466 honeste
1142 1421 1264 1476 ornere,

354 1485 489 1570 Propter
503 1485 611 1563 multo,
627 1499 658 1550 et
672 1501 802 1572 propter
816 1487 1064 1576 magnitudinem
1078 1487 1177 1552 eninri
1191 1487 1246 1564 tui,

354 1570 399 1636 Et
406 1572 578 1657 justitiam:
602 1571 801 1637 fortissimam
816 1587 923 1638 eutem
937 1585 970 1638 te

354 1657 508 1724 Omnium
525 1658 691 1723 mulierum
708 1658 771 1722 vidi
785 1658 884 1724 oculis
899 1661 985 1724 meio.

355 1743 419 1808 Sed
434 1744 460 1809 si
475 1744 551 1832 quid
567 1745 643 1810 velis
657 1745 751 1810 hoece
765 1761 797 1810 et
811 1767 928 1822 senem,
1288 1751 1345 1810 ⁵70

354 1831 451 1896 Abito
467 1832 580 1898 ultimo
594 1831 734 1918 elloquio
747 1831 949 1918 compellens.

268 1916 386 1986 eruco
401 1917 479 1995 vele,
495 1939 602 1998 senex,
616 1918 695 1995 vele,
711 1931 742 1982 et
756 1918 836 1982 doce
849 1917 929 1982 mibi

234 2083 239 2092 1
352 2002 449 2068 Tales
463 2027 528 2068 esse
542 2003 601 2069 hos
614 2026 739 2090 pueros,
754 2005 908 2090 sepientes
922 2025 1060 2089 prorsus,
1408 2071 1409 2082 ¹

354 2089 633 2166 Quemadmodum
649 2105 684 2156 tu
698 2113 748 2156 es.-
770 2089 850 2154 nihil
866 2091 1016 2176 empliue;
1038 2089 1193 2155 sufficient
1206 2089 1298 2155 eubrr.

354 2177 480 2241 Conerc
494 2189 598 2242 eutem
614 2199 664 2242 eor
677 2198 810 2254 servare,
826 2177 938 2242 mortis
951 2198 1017 2241 non
1030 2175 1166 2262 cupidus
1179 2176 1322 2242 existens:
1408 2225 1409 2234 ,

352 2261 418 2326 Tui
431 2262 523 2327 liberi
536 2285 660 2329 sumus:
683 2264 745 2328 tuis
760 2263 904 2328 manibus
916 2263 1028 2328 nutriti
1043 2285 1162 2328 eumue.

351 2347 450 2412 Vides
464 2348 549 2412 enim
564 2361 596 2415 et
613 2373 672 2426 me,
688 2371 790 2414 meam
805 2349 1044 2416 adolescentiam
1060 2349 1202 2414 nubilem

353 2434 493 2500 Dantem
510 2457 569 2518 pro
583 2434 669 2501 hisce
683 2436 776 2501 morti
788 2435 946 2502 devotum.

351 2519 419 2586 Vos
434 2542 522 2602 vero,
535 2520 668 2588 fratrum
684 2543 821 2606 praeeens
835 2535 943 2600 coetus,

353 2607 442 2674 Beuti
459 2607 535 2688 sitis,
551 2619 584 2674 et
598 2609 786 2698 contingent
801 2610 888 2674 vobis
903 2609 1013 2686 omniu,
1029 2621 1103 2672 oute
1117 2629 1190 2694 quer
1287 2609 1342 2671 580

353 2693 468 2759 Meum
482 2716 538 2760 cor
552 2694 750 2760 mectebitur.

298 2861 302 2872 ¹
352 2779 397 2844 Et
410 2795 518 2846 senem
530 2782 654 2846 Iolcum
667 2802 827 2868 auumque
841 2781 874 2846 iu
889 2781 1011 2846 sedibus
1021 2783 1194 2846 ecum

352 2865 551 2945 Alcmenam,
566 2868 664 2952 petris
679 2869 740 2932 mei
756 2881 899 2946 matrem,
916 2869 1092 2947 honoretis,

353 2952 398 3017 Et
410 2951 469 3017 hos
483 2951 637 3039 hospites.
682 2952 779 3029 Quod
796 2955 824 3019 si
839 2953 984 3018 liberatio
997 2977 1018 3019 e
1032 2953 1121 3018 mulir

352 3036 396 3103 Et
409 3040 441 3104 in
449 3041 583 3122 patrium
591 3039 710 3107 reditus
722 3040 810 3104 ediis
820 3062 961 3128 unquam
971 3038 1237 3104 coucessmvcbie
1246 3033 1341 3108 luerit,

352 3124 586 3274 Recopdemini,
607 3125 769 3214 quomodo
789 3149 836 3190 ore
857 3137 986 3192 oestron
1005 3125 1206 3190 servatricem
1226 3119 1343 3210 repelin
1408 3203 1409 3208 ἵ

456 3225 560 3278 eceet:
1408 3209 1409 3236 ¹

352 3295 527 3384 Magnifice
541 3311 626 3364 certe
639 3322 767 3386 oequum
782 3310 847 3365 eet:
871 3321 935 3366 non
949 3300 1036 3364 enim
1050 3298 1176 3364 exiliter

351 3381 451 3447 Vobis
466 3383 563 3463 adfui,
579 3384 635 3450 md
651 3401 775 3452 mortue
788 3409 857 3452 sum
895 3409 932 3452 ro
945 3409 1009 3452 meo
1021 3405 1155 3474 genere:

351 3467 395 3532 Et
408 3490 468 3552 pro
482 3491 548 3536 meu
562 3472 751 3572 virginitate,
766 3474 792 3538 si
807 3475 861 3560 qui
898 3485 929 3538 et
942 3473 1002 3537 sub
1016 3486 1100 3536 terra
1113 3483 1170 3536 est.

348 3553 440 3619 Nihil
454 3559 586 3622 omnino
599 3571 648 3636 stt,
664 3581 723 3625 oro
736 3557 744 3624 l
771 3559 805 3626 Si
820 3561 905 3624 enim
919 3558 1058 3624 babituri
1070 3577 1181 3623 sumus
1288 3559 1343 3620 5⁹⁰

349 3640 393 3706 Et
407 3642 472 3708 illic
485 3665 642 3709 aerumnee
656 3667 714 3710 uos
729 3646 783 3733 qui
799 3650 894 3711 morti
907 3645 1061 3710 debemur
1074 3643 1234 3722 mortula,

351 3725 453 3794 Heud
467 3731 542 3808 scio,
559 3752 623 3818 quo
638 3733 755 3817 quisse
770 3745 888 3798 vertet:
912 3730 1004 3798 More
1018 3731 1103 3796 euim

350 3812 516 3880 Malorum
531 3817 706 3882 maximum
721 3817 895 3883 remedium
910 3817 1118 3883 existimetur.

264 3919 335 3966 ron.
351 3902 395 3964 At
410 3900 443 3967 0
459 3903 599 3968 maxime
613 3903 769 3968 excellens
783 3906 821 3968 ob
835 3905 933 3968 enimi
948 3901 1212 3992 magnitudinem,

352 3985 505 4053 Omnium
520 3988 690 4056 mulierum
705 3991 786 4055 scies
800 3989 1053 4067 honoratissime,

350 4071 394 4136 Et
409 4074 514 4139 vivens
528 4090 560 4141 et
573 4091 700 4142 mortue
713 4077 797 4142 inter
811 4096 869 4141 noe
883 4077 945 4142 eris
958 4077 1012 4142 lon
1065 4099 1074 4138 r

352 4159 415 4224 Sed
429 4161 517 4226 vele:
542 4185 651 4228 vereor
664 4163 749 4228 euim
765 4162 882 4228 loedere
896 4161 998 4228 verbu
1034 4183 1115 4238 eum,

350 4244 412 4310 Cui
422 4247 489 4332 jem
501 4261 595 4315 -tuum
609 4271 724 4336 corpur
738 4265 955 4316 consecratum
969 4261 1027 4328 eet,
1044 4247 1172 4314 Cereris
1186 4245 1290 4312 filiun·
1408 4269 1409 4272 ¹
