2888 4856
517 153 814 228 ELECTRA,
1143 165 1205 229 ⁶81

199 327 309 414 Turpe
323 323 524 428 mimsuoit,
539 325 567 428 pi
580 339 671 414 petar
683 327 812 416 quiden
828 325 980 396 ruunt
991 325 1146 434 Pirrppu.

201 413 277 500 Ipse
287 434 363 479 vero
377 434 507 480 anteum
522 435 625 480 nrum
639 437 722 480 unua
730 415 874 480 existent
890 435 954 480 uon
967 415 1071 503 possit
1084 413 1207 484 roterii-

287 523 369 583 cere,

203 585 285 652 Cum
296 585 422 674 juvenis
436 586 488 663 εἰ,
503 599 589 654 etex
604 585 733 652 meliore
747 599 838 676 petre
851 597 950 656 natm.

105 694 194 742 cuo.
201 674 247 739 At
272 675 303 738 ui
318 673 412 738 video
424 673 530 750 iatum,
546 685 636 738 tuum
649 673 726 740 dico
740 675 899 752 maritum,

199 696 395 826 Deiunctum
410 761 474 826 diei
487 759 595 826 labore
608 759 740 826 domurn
755 783 935 846 properare.

105 867 182 914 oot-
199 845 307 912 Hem:
329 868 482 933 quosnem
500 848 556 910 hos
570 847 605 912 in
619 845 741 914 foribue
756 848 922 934 conspicor
935 843 1103 934 hospim?
1143 853 1208 916 ³40

200 931 301 1020 Cujus
316 955 390 998 vero
403 935 451 1000 rei
463 955 559 1001 caure
573 932 613 998 ad
628 932 687 1000 has
699 948 839 1021 agrestes
852 931 935 1000 foret
980 979 984 988 ·

201 1017 436 1086 Aceesaerunt?
457 1041 496 1083 en
513 1041 693 1106 manopera
708 1019 909 1108 indigentes?
932 1017 1065 1086 Mulieri
1079 1019 1163 1086 enim

199 1104 312 1192 Turpe
323 1117 381 1184 eet,
394 1119 480 1172 nare
494 1127 565 1172 cum
576 1106 756 1191 juvenibus.

106 1211 186 1260 m.
198 1191 232 1258 0
245 1192 440 1275 oharisaime,
455 1192 488 1258 in
502 1193 714 1278 aurpiaionem
728 1213 770 1258 ae
785 1193 864 1258 mihi
880 1193 995 1260 veniet.

197 1278 320 1346 Verum
336 1293 442 1346 auten
457 1301 633 1346 sermonem
649 1279 744 1345 acies:
769 1279 800 1344 hi
817 1279 901 1346 enim
917 1279 1057 1366 hospite·

196 1365 339 1431 Veniunt
353 1365 394 1432 ad
412 1389 462 1432 me
477 1365 598 1432 Orestia
611 1368 721 1432 nuncii
737 1367 971 1434 mandatorum.

199 1451 274 1530 Sed,
291 1451 323 1520 O
339 1453 487 1536 hoapitea,
503 1452 576 1518 date
592 1455 714 1520 renium
728 1453 824 1520 uerbis
839 1453 879 1521 ob
895 1456 952 1518 isto
966 1452 1070 1520 diutia.

106 1559 183 1606 cor„
199 1538 290 1616 Quid
304 1537 419 1605 aiunt?
442 1539 534 1604 iilene
548 1555 603 1618 eat,
618 1553 651 1604 et
667 1541 767 1606 lucem
840 1539 921 1606 icit?

107 1645 190 1692 m.
200 1625 342 1777 Vivitdep
353 1625 602 1778 ¹irorremhquidem
619 1649 779 1692 sermone:
826 1627 915 1694 icunt
929 1629 1012 1692 enim
1028 1647 1093 1690 non
1104 1625 1208 1692 incra-

307 1733 315 1776 ι
342 1737 349 1777 ι
366 1737 394 1777 m
409 1733 453 1778 mr
477 1735 498 1778 ι.

109 1819 186 1866 cor..
199 1798 362 1888 Numquid
376 1800 473 1866 etiam
487 1800 587 1886 patria
597 1813 633 1866 et
648 1813 775 1868 tuorum
787 1799 942 1868 melorum
952 1795 1120 1866 meminit?
1144 1807 1208 1866 850

108 1907 192 1952 ιιι.
203 1885 216 1950 1
221 1907 241 1950 n
253 1907 310 1972 spe
324 1898 481 1952 notantur
495 1887 573 1952 ista:
594 1885 652 1952 red
667 1885 811 1952 infirmus
825 1898 869 1954 est
884 1889 932 1952 vir
945 1885 1091 1952 exulans.

108 1993 185 2040 cor..
201 1971 308 2048 Quem
323 1985 426 2038 autem
443 1993 619 2040 sermonem
637 1972 759 2040 Orestia
771 1975 828 2038 itur
839 1973 1019 2042 nunciaturi
1032 1969 1209 2040 uenerunt?

108 2079 191 2126 ιιι.
202 2057 429 2144 Exploratores
442 2058 501 2126 hor
514 2061 600 2128 misit
614 2081 755 2126 meorum
772 2059 941 2126 malorum.

108 2167 181 2214 cor..
198 2143 287 2234 Ergo
301 2147 416 2232 partim
427 2145 554 2234 quidem
566 2147 733 2232 aspiciunt,
745 2147 861 2233 partim
875 2169 950 2212 tero
961 2161 996 2213 tu
1007 2147 1078 2234 ipae
1087 2167 1207 2212 narrat.

108 2253 187 2302 m.
200 2231 376 2310 Noverunt,
394 2232 471 2298 nihii
487 2231 548 2300 hae
562 2233 689 2320 quidem
706 2234 738 2298 iu
753 2247 843 2318 parte
855 2234 1049 2300 desiderent.

106 2341 179 2388 σοι.
198 2317 286 2407 Ergo
295 2319 484 2406 jampridem
501 2320 576 2406 ipaia
589 2334 697 2407 portua
711 2335 835 2407 apertas
846 2344 913 2386 erse
924 2321 1078 2407 oportuit.

197 2405 247 2472 lte
263 2405 296 2470 in
310 2405 411 2474 redeat
435 2429 496 2507 pro
510 2407 591 2470 laetis
600 2408 688 2474 enim
706 2407 828 2473 nunciis

197 2490 338 2558 Munera
351 2491 521 2579 hospitalia
534 2493 705 2580 accipietis,
721 2495 824 2580 qualia
838 2517 909 2560 mee
922 2494 1061 2560 occultat
1074 2491 1196 2562 domun

196 2577 301 2658 Ferte,
319 2578 351 2645 Ο
367 2579 513 2656 miniani,
529 2581 614 2646 intre
625 2579 759 2646 domum
775 2580 845 2646 baec
861 2603 946 2646 vata:

196 2663 240 2730 Et
255 2688 307 2732 vor
322 2665 401 2730 nihil
414 2665 633 2745 metrudieite,
649 2668 724 2753 quie
740 2666 870 2734 acharo
885 2667 975 2733 chari
1139 2671 1205 2734 860

197 2751 336 2818 Veniatia
351 2751 437 2818 vire:
460 2753 603 2840 quemvia
617 2757 701 2820 enim
717 2775 839 2841 pauper
853 2753 923 2832 aim,

198 2837 272 2903 Non
288 2851 391 2904 tameo
408 2839 549 2904 animum
564 2839 751 2928 degenerem
766 2843 849 2906 eoru
863 2839 1030 2906 exhibebo.

106 2944 186 2992 ou.
199 2925 260 2989 Per
274 2925 350 2990 deos
364 2948 482 3012 quoero,
499 2926 593 2992 hicne
608 2927 723 3003 vireat,
738 2928 793 3014 qui
809 2949 874 2992 une
888 2927 1013 3012 nuptiae
1026 2923 1109 2990 celat

196 3008 295 3090 Tuae,
311 3010 458 3077 Orestem
472 3013 593 3098 probro
607 3011 731 3078 nffieere
746 3035 810 3079 non
826 3011 956 3078 vuieua?

107 3117 185 3166 ιιι
199 3095 267 3163 Hie
283 3113 413 3164 vocetur
428 3099 559 3164 maritus
574 3121 663 3166 meur
676 3100 811 3171 mirare.

107 3183 336 3272 nuffapae.)
382 3183 515 3250 Nullum
536 3199 586 3251 ett
607 3199 728 3252 eertum
755 3196 966 3272 arguentem
990 3183 1032 3252 ad
1058 3183 1199 3248 virorum

278 3271 522 3374 generositatem
538 3273 795 3361 ewardum.-

192 3355 381 3426 Mortalium
396 3357 482 3424 enirn
498 3357 624 3448 ingania
638 3379 782 3446 neptun
797 3357 1013 3426 umfuriouem
1029 3355 1158 3424 babent.

192 3443 266 3510 Jum
281 3445 364 3510 enim
382 3443 446 3508 vidi
461 3445 563 3510 virum
577 3444 959 3598 peuerpliputrirfilium

194 3529 262 3608 Qui
276 3529 357 3596 nihii
372 3545 450 3610 eret.
465 3545 497 3598 et
511 3529 612 3598 bonor
625 3555 664 3598 ex
746 3542 964 3616 taproeraotar,

193 3615 389 3704 Famemque
404 3619 436 3682 in
453 3617 589 3686 hominia
601 3617 886 3706 apdentirpirita,
1136 3619 1200 3684 870

160 3763 166 3773 .
192 3705 414 3792 Animumque
429 3727 579 3794 magnam
598 3705 630 3770 in
644 3727 785 3792 paupere
798 3726 942 3792 corpora.

195 3789 370 3868 Quomodo
386 3791 483 3879 igitur
497 3792 569 3879 quit
582 3791 653 3858 bea
667 3791 849 3858 direernena
862 3805 947 3858 reete
955 3785 1103 3878 judicet?

194 3875 385 3964 Opiburne?
404 3877 491 3944 mlo
504 3901 580 3946 tane
594 3877 828 3965 oteturjuriioe.

193 3967 261 4032 Aut
274 3963 313 4028 iia
328 3963 383 4052 qui
398 3964 478 4030 nihil
492 3963 678 4050 petridem?
696 3965 752 4032 ted
767 3963 864 4030 habet
878 3963 986 4030 vitium

195 4049 382 4138 Paupertu,
397 4051 492 4120 doort
505 4053 590 4120 enim
606 4051 710 4120 virum
725 4051 768 4118 ob
781 4063 950 4140 egestatem
964 4045 1059 4114 maia.

194 4138 247 4203 An
264 4137 305 4204 ad
319 4159 410 4204 erma
425 4138 549 4208 veniam
563 4141 575 4207 t
599 4139 671 4226 quia
685 4160 761 4205 vero
775 4137 916 4204 lancem
928 4135 1088 4224 aspicient

193 4223 298 4290 Terris
313 4247 379 4293 erte
392 4240 498 4314 queat,
513 4227 661 4314 quianam
676 4225 717 4294 tit
729 4227 898 4295 attenuet?

612 4332 628 4378 e
644 4336 658 4377 a
673 4323 692 4376 4
