2828 4864
254 201 317 266 198
627 189 954 260 EURIPIDIS

252 389 317 434 mu.
340 365 442 444 Salve,
460 334 606 432 Medea:
628 363 689 432 hoc
703 365 788 430 euim
802 365 969 432 exordium

338 451 509 519 Pulchrius
523 473 617 518 uemo
630 454 718 517 novit
731 451 848 538 alloqui
865 451 994 518 amicos

251 539 431 606 ulimsolve
445 549 477 604 et
491 551 537 614 tu,
554 539 585 602 Ο
600 537 645 602 fili
660 538 809 624 sapientis
826 538 1006 616 Puudiouis,

274 684 279 695 .
340 625 457 776 AEffu'
503 623 600 691 Unde
613 623 735 688 accedis
750 623 850 690 solum
866 623 960 710 hujus
975 623 1092 690 terrea?

251 734 316 778 mu.
340 713 368 776 R
402 714 464 776 icto
478 711 610 798 antiquo
623 709 752 776 oraculo
767 709 938 796 Apollinis.

251 797 449 874 uuuQuere
465 819 540 864 vero
553 797 594 862 ad
609 797 792 862 umbilicum
810 811 903 862 terra
916 797 1090 862 vetieiuum
1104 797 1212 862 ivisti?

251 905 316 950 mu.
340 883 497 960 Querens
511 884 671 970 quomodo
684 883 764 946 mihi
777 884 942 971 contingat
955 885 1036 948 satio
1050 884 1238 950 liberorum.

252 970 403 1036 uuuPer
417 970 516 1048 Deos,
531 991 566 1034 er
622 970 689 1034 siue
704 969 809 1034 liberis
822 969 927 1034 adhuc
942 969 1040 1034 trahis
1054 969 1174 1036 vitam?

244 1077 316 1122 ouo.
340 1058 457 1122 Sumus
471 1057 537 1120 sine
551 1055 574 1119 li
597 1057 668 1136 eris,
683 1053 837 1121 daemonis
850 1055 982 1142 alicujus
995 1055 1130 1121 invidia:

252 1143 423 1210 nucum
437 1142 555 1210 habeas
569 1163 711 1219 uxorem,
725 1165 766 1206 en
782 1165 815 1208 es
829 1163 942 1226 expers
956 1141 1119 1230 ooujugii?

253 1251 318 1296 mu.
337 1229 412 1293 Nou
428 1250 536 1294 sumus
549 1227 624 1294 lecti
638 1227 786 1313 nuptialis
797 1240 954 1314 expertes.

251 1313 426 1391 muuQuid
440 1315 538 1401 igitur
552 1315 635 1380 dixit
649 1315 707 1380 tibi
720 1313 860 1380 Phoebus
874 1311 1060 1380 delibutis?
1281 1323 1354 1385 670

252 1421 317 1467 mo.
339 1401 547 1478 Obscuriora,
563 1423 656 1486 quam
671 1415 709 1465 ut
721 1403 819 1486 possit
834 1401 930 1466 homo
943 1398 1099 1485 ooujicere
1112 1400 1220 1468 verbe.

252 1486 437 1554 nullone
451 1487 497 1552 sas
511 1509 570 1552 uos
583 1487 663 1551 scire
676 1487 841 1552 oraculum
855 1484 942 1554 Dei?

252 1595 316 1640 uo.
340 1573 495 1651 Maxime,
511 1573 767 1660 quandoquidem
781 1588 812 1638 et
826 1573 974 1659 sepientis
986 1571 1107 1659 indiget
1120 1574 1247 1638 mentia.

251 1658 428 1736 muuQuid
443 1660 539 1749 igitur
553 1657 742 1744 respondit?
763 1660 870 1741 dicito,
884 1660 910 1724 si
924 1658 971 1724 fas
985 1659 1164 1724 ostendite.

252 1768 316 1812 no.
339 1747 391 1811 Ne
403 1769 464 1833 ego
478 1747 709 1832 prominentem
724 1746 801 1811 utris
814 1746 965 1810 solverem
979 1746 1138 1831 pedem-

251 1833 528 1920 omu.Priusquam
542 1833 619 1922 quid
634 1831 739 1910 fauiae,
754 1833 863 1898 autad
878 1853 974 1918 quem
991 1847 1107 1896 terram
1122 1829 1254 1898 venias?

251 1940 316 1985 mu.
339 1919 529 2007 Priusquam
543 1921 662 2006 patrios
675 1941 783 1984 rursus
797 1923 841 1982 od
854 1919 934 1984 iares
947 1941 1075 1984 venero.

252 2005 394 2072 muuTu
407 2029 481 2072 vero
492 2029 556 2094 qua
571 2028 606 2070 re
620 2005 765 2092 indigeas
779 2006 908 2093 navigas
922 2006 954 2069 in
968 2003 1051 2070 heuc
1065 2007 1206 2072 terram?

251 2113 316 2158 mu.
340 2091 398 2158 Est
412 2093 566 2179 quispiam
585 2091 736 2169 Pittheus,
752 2113 809 2155 rex
825 2107 920 2156 terrae
935 2089 1122 2156 Troeueuioe.

251 2177 438 2244 muuFilius
455 2177 591 2264 Pelopis,
606 2193 642 2242 ut
657 2177 756 2256 aiunt,
771 2179 937 2263 piissimus.
1276 2188 1349 2246 680

252 2286 317 2330 mo.
341 2265 425 2330 Cum
440 2264 501 2329 hoc
515 2265 578 2328 Dei
592 2267 756 2329 oraculum
769 2264 1004 2330 communicare
1016 2263 1101 2328 volo.

252 2351 403 2418 mqust
422 2351 507 2417 euim
530 2351 578 2414 vir
599 2351 733 2436 sapiens,
751 2363 783 2416 et
805 2349 1080 2416 exercitatissimus
1101 2349 1135 2414 iu
1156 2349 1350 2436 hujumodi

423 2440 518 2502 redeas.

253 2541 316 2589 aso.
343 2523 386 2588 Et
398 2523 477 2588 mihi
491 2522 692 2588 charissimus
705 2523 878 2588 amicorum
893 2545 972 2611 quos
987 2523 1018 2588 iu
1034 2523 1147 2590 militia
1160 2525 1284 2610 paravi.

251 2609 430 2676 nmssene
457 2611 555 2698 igitur
579 2623 683 2676 tecum
712 2623 834 2698 agatur,
858 2622 891 2676 et
914 2611 1115 2698 consequeris
1137 2632 1352 2699 quaecuuque

423 2719 462 2762 ex
503 2698 553 2761 tis.

251 2802 315 2848 mo.
339 2783 448 2862 Quare
462 2719 535 2849 idm
549 2783 631 2848 oculi
647 2784 693 2850 tui
707 2795 738 2848 et
753 2805 868 2869 eorpus
882 2783 927 2848 ite
940 2781 1195 2850 contabuenmt'i

249 2870 457 2960 mmuAEgeu,
473 2872 626 2956 pessimus
640 2883 687 2935 est
700 2869 778 2934 mihi
793 2869 936 2934 omnium
949 2872 1093 2936 maritus.

251 2975 316 3021 mu.
340 2956 429 3033 Quid
443 2957 511 3022 eis?
536 2955 588 3022 dic
601 2955 680 3020 mihi
695 2969 802 3040 aperte
816 2969 904 3020 tuam
918 2956 1088 3020 tristitiam.

252 3043 433 3108 mundaum
448 3043 563 3144 injuria
577 3065 628 3108 me
641 3041 746 3120 afficit,
763 3041 850 3108 nullu
864 3065 884 3106 a
897 3063 949 3106 me
962 3043 1101 3106 affectus.

251 3148 315 3192 mu.
338 3128 414 3205 Quo
428 3127 568 3194 &inore
582 3127 687 3194 facto?
708 3129 762 3194 dic
775 3126 854 3193 mihi
867 3129 1016 3215 apertius.

250 3215 448 3281 muu.Habet
461 3214 555 3280 eliam
570 3237 703 3281 uxorem
719 3236 834 3302 praetet
851 3237 913 3292 me,
927 3214 1089 3280 dominam
1105 3213 1199 3300 hujus
1212 3214 1349 3282 domus.

250 3321 315 3367 mu.
338 3303 392 3366 Au
407 3301 504 3388 igitur
517 3323 611 3367 ausus
625 3316 671 3367 est
685 3302 767 3367 hano
782 3303 994 3387 turpissimum
1009 3299 1100 3366 rem?
1277 3313 1346 3370 691

250 3388 432 3455 sauuCerto
445 3388 541 3454 scias:
562 3411 621 3454 uos
634 3409 709 3454 vero
723 3389 778 3476 qui
800 3401 873 3454 aute
893 3409 1018 3454 eremus
1036 3387 1140 3469 amici,
1155 3387 1349 3456 inhonorati

422 3497 538 3540 sumus.

249 3581 315 3626 mu.
339 3561 458 3628 Utrum
473 3583 581 3626 umore
593 3574 713 3646 eaptus,
729 3585 770 3628 au
784 3575 874 3627 tuum
889 3583 1001 3627 exosus
1015 3558 1155 3626 lectum?

250 3648 463 3736 muuMuguo
476 3669 551 3713 saue
563 3669 690 3724 emoret
712 3647 814 3740 fidelis
827 3669 893 3712 uon
908 3645 967 3712 fuit
979 3647 1101 3714 amicis.

250 3755 314 3800 mu.
337 3735 501 3822 Emergo,
516 3733 670 3821 siquidem
686 3747 733 3800 est
748 3733 858 3811 malus,
874 3747 910 3798 ut
922 3731 1013 3800 diois.

249 3820 469 3906 uuucupivit
482 3820 624 3908 occipere
637 3819 822 3890 affinitatem
835 3841 958 3908 regum.

249 3922 313 3973 asu.
335 3905 418 3983 Quia
430 3929 506 3974 vero
519 3907 577 3972 dat
590 3903 644 3972 ei?
665 3919 792 3991 perteue
807 3909 890 3971 haue
902 3905 1090 3972 orationem.

249 3993 455 4071 muuCreou,
470 3995 525 4080 qui
539 3993 687 4058 domiuus
702 4005 749 4058 est
763 3992 856 4078 hujus
871 4005 965 4057 terrae
981 3987 1209 4056 Corinthiam.

249 4097 313 4143 mo.
336 4079 352 4144 I
398 4079 566 4144 osoendum
582 4080 592 4144 i
617 4080 680 4144 'tur
693 4079 753 4144 tibi
766 4077 910 4166 estquod
923 4077 1023 4158 doies,
1035 4077 1067 4142 Ο
1081 4075 1205 4142 mulier.

249 4183 334 4229 meu.
367 4165 441 4241 erii3
454 4179 581 4318 praeter
593 4101 655 4230 Iac
669 4166 763 4230 etiam
777 4163 923 4250 expellor
936 4186 977 4228 ex
994 4163 1055 4230 hoo
1068 4177 1164 4230 terre.
1279 4169 1351 4242 700

248 4269 315 4316 mu.
335 4252 369 4317 A
379 4273 447 4338 quo
491 4251 555 4318 hoo
567 4252 653 4318 aliud
669 4273 776 4318 rursus
790 4273 907 4318 novum
922 4272 1034 4318 nume
1045 4248 1177 4316 malum.
