2784 4864
294 233 336 290 aa
669 197 995 286 autumnis

296 395 461 471 nanuis
475 407 522 458 est
535 393 587 457 ille
601 393 748 458 candenti
762 413 854 470 cono,

382 481 449 558 Qui
463 477 619 545 antecedit
632 481 816 559 exercitum,

382 567 519 632 AEueum
535 566 678 652 clypeum
694 567 778 631 circa
792 566 864 630 bra-

382 655 488 718 chium
501 653 612 718 leviter
624 655 760 739 gerensi

1225 445 1273 494 Ἰ

1224 625 1232 633 .

1228 627 1310 678 ⁸..
1322 641 1348 675 Γ
1375 645 1376 678 l

1254 685 1261 694 .

296 740 463 805 umnDux
477 753 533 818 eat,
549 737 580 803 O
594 738 734 806 domina.
777 757 853 802 atra.
876 735 1058 814 Quisnam?
1082 735 1179 802 Unde
1192 757 1233 802 nn

382 825 457 902 Dic,
474 824 506 890 Ο
521 846 628 898 senex,
643 824 804 911 quomodo
818 821 1023 888 nominatur?

296 911 452 977 ennHic
465 910 651 998 Mycenaeus
664 909 792 996 quidem
805 910 921 974 dicitur
973 931 1059 986 nere,

385 998 517 1064 Habitat
530 1019 605 1062 vero
618 996 660 1060 nd
675 997 841 1061 Leruoeam
856 995 929 1080 polu
953 1019 1002 1060 em
1018 1019 1074 1060 rex
1089 985 1330 1083 Hippouffl'·

296 1105 372 1150 nun.
383 1083 460 1149 Heu
475 1083 537 1149 heu
551 1105 645 1170 quam
661 1081 823 1170 superbus,
838 1104 933 1168 quam
947 1081 1093 1148 terribilis
1107 1095 1233 1166 aspectu
1243 1079 1299 1124 *ἢ
1375 1101 1376 1138 l

381 1171 514 1323 (sliqnuti
528 1171 694 1256 terrigenae
707 1169 828 1247 similis,
1233 1159 1355 1222 *tinen

407 1273 437 1320 ie

1228 893 1276 942 ἑΙ

449 1256 529 1322 latus
543 1258 576 1320 in
592 1255 731 1341 picturis,
746 1277 811 1319 non
826 1255 935 1318 similia

381 1341 515 1408 Mortali
529 1343 648 1428 generi.
1266 1417 1269 1424 Δ
1347 1392 1351 1403 .

295 1429 455 1494 emnNou
470 1428 556 1492 vides
570 1427 671 1505 illum,
687 1429 740 1512 qui
756 1428 870 1514 trajicit
884 1427 998 1492 Dirces
1012 1446 1126 1512 aquarn
1240 1427 1325 1492 mna

381 1513 528 1580 Ducem?
556 1535 650 1579 'num
671 1515 770 1592 Alius,
786 1515 866 1577 nlius
879 1529 923 1576 est
941 1513 992 1576 hic
1006 1533 1166 1576 armorum
1183 1515 1294 1579 moin

382 1600 463 1676 Quia
478 1622 553 1666 vero
567 1619 613 1665 est
627 1597 707 1665 iste?
750 1621 834 1664 emo.
859 1599 957 1664 Pilius
971 1598 1099 1685 quidem
1115 1597 1215 1662 OEnei
1230 1623 1240 1658 ι

381 1687 523 1773 Tydeus,
539 1685 677 1752 Martem
692 1708 766 1751 vero
782 1685 926 1751 AEtolum
941 1686 974 1750 in
989 1704 1117 1770 pectore
1131 1683 1236 1750 habet.

295 1793 373 1840 tun.
383 1773 486 1838 lstene
502 1773 658 1859 Polynicis
675 1773 793 1852 uxoris,
808 1775 838 1836 Ο
853 1793 959 1848 senex,

382 1860 485 1946 Ipsam
501 1881 640 1925 sororem
656 1881 804 1945 sponsam

379 1945 517 2011 Maritus
530 1943 652 2010 habet?

379 2031 486 2110 Quam
501 2032 668 2117 peregrino
682 2033 799 2112 colore,
813 2032 1051 2106 semibarbarus,
1066 2031 1174 2097 armis.
1249 2051 1259 2092 :

294 2119 462 2184 rmnSuut
476 2121 559 2182 enirn
576 2118 709 2204 clypeati
723 2141 832 2182 omnes
847 2117 961 2198 AEtoli,
977 2117 1009 2183 Ο
1023 2118 1098 2194 lilia,

379 2203 423 2269 Et
431 2205 629 2291 jaculatores,
645 2205 741 2270 hastis
757 2205 836 2282 bene
849 2205 1054 2279 collimantea.
1322 2263 1326 2276 ,
1347 2278 1351 2290 1

292 2311 369 2355 nnn.
380 2290 433 2356 Tu
451 2313 535 2370 vero,
552 2292 583 2356 O
598 2314 705 2368 senex,
718 2289 877 2377 quomodo
892 2291 952 2353 scis
966 2304 1053 2355 certo
1066 2288 1161 2354 haeci
1255 2331 1275 2369 ,2
1323 2284 1370 2317 '⁹⁰'

293 2376 498 2442 emullideus
514 2379 603 2462 aigun
619 2377 800 2464 clypeorum
817 2389 893 2442 tunc
907 2377 1022 2454 notari,
1253 2432 1264 2448 ,

378 2463 518 2539 Quando
532 2466 602 2528 veui
616 2464 712 2528 fidem
726 2463 885 2548 publicam
901 2462 1004 2527 serena
1016 2475 1073 2527 tuo
1086 2461 1195 2526 fratria
1258 2501 1323 2574 ,Q

377 2550 462 2626 Quae
477 2551 602 2614 intuens
616 2550 689 2615 novi
703 2563 850 2614 amietos.
1261 2590 1304 2630 3,-

290 2655 369 2700 ΔΜ.
378 2635 461 2712 Quis
475 2658 550 2701 vero
564 2635 632 2713 iste,
648 2637 703 2723 qui
718 2637 802 2700 circa
815 2635 1044 2700 monimentum
1058 2633 1155 2700 Zethi
1169 2645 1270 2720 mant,
1299 2629 1371 2676 “ili

378 2723 541 2800 Cornutus,
556 2721 654 2787 oculis
668 2721 823 2800 terribilis,
838 2735 869 2787 et
883 2746 932 2786 aa·
963 2786 965 2799 ,

399 2821 470 2874 ectu
479 2806 627 2895 juvenis?
1277 2781 1350 2854 *u

290 2913 373 2958 run.
412 2919 456 2960 ux
471 2909 529 2960 est.
572 2915 650 2961 nnn.
674 2895 804 2980 Quippe
818 2895 989 2960 multitudo
1003 2895 1106 2979 iprum
1121 2913 1254 2980 aequent
1284 2879 1360 2948 Q

376 2983 511 3046 Armate
525 2981 701 3046 circundat.

290 3067 446 3132 naeuHic
460 3081 507 3132 eet
522 3066 772 3152 Parthenopaeus
785 3067 943 3148 Atalantae
957 3066 1051 3132 lilius.
1300 3069 1376 3140 *an

288 3153 438 3218 immed
451 3175 524 3218 eum
539 3175 596 3238 per
611 3167 733 3219 montes
748 3175 821 3218 cum
838 3166 936 3218 matre
950 3153 1013 3238 ejus
1027 3152 1179 3218 Atalanta
1306 3170 1376 3228 nun

374 3239 482 3304 Diana
496 3261 679 3325 properans,
695 3240 765 3305 telie
779 3241 908 3304 domans
923 3239 1044 3324 perdat,
1294 3240 1376 3318 iun

374 3324 442 3401 Qui
456 3326 602 3391 adversus
617 3347 719 3390 meam
737 3326 846 3391 urbem
860 3327 944 3391 veuit
959 3349 1027 3390 eam
1043 3338 1264 3410 expugnatura
1282 3319 1290 3331 ”
1316 3345 1376 3410 Ἣ

287 3412 447 3477 neusint
460 3411 539 3489 haec,
556 3411 588 3477 Ο
604 3413 684 3489 filia3
702 3415 775 3499 jure
788 3426 892 3477 tamen
906 3413 1037 3476 veniunt
1051 3412 1084 3475 in
1098 3409 1181 3474 hanc
1195 3425 1266 3474 terr.
1326 3443 1354 3488 ,ῃ
1366 3459 1376 3498 ,1

374 3497 498 3562 Idcirco
513 3500 606 3563 etiam
623 3514 739 3578 metuo,
756 3521 795 3562 ne
810 3515 894 3562 recto
908 3499 1106 3563 considerent
1120 3495 1173 3562 dii.
1295 3507 1299 3514 '
1327 3554 1362 3582 ,ἡ

286 3583 438 3650 nunUbi
453 3595 498 3650 est
511 3588 565 3650 ille
578 3587 632 3671 qui
649 3607 771 3650 mecum
786 3607 851 3650 una
864 3599 956 3650 notus
971 3597 1017 3650 eet
1030 3605 1072 3649 ex
1085 3595 1185 3648 matre
1305 3605 1330 3654 ·,

372 3671 548 3736 Laborioso
561 3669 650 3736 fato?

371 3758 403 3821 0
417 3758 598 3822 charissime
611 3780 714 3832 aenea,
730 3756 783 3822 tlic
797 3757 852 3822 ubi
866 3758 908 3822 ait
922 3756 1098 3843 Polynices.

284 3843 430 3908 emollio
444 3865 544 3930 prope
557 3843 759 3928 sepulchrum
774 3857 891 3930 septem
906 3844 1063 3930 virginum

370 3929 489 3994 Niobes
504 3943 574 4008 stat,
589 3951 691 4014 prope
705 3931 885 3995 Atlrastum.

369 4014 493 4080 Vides?
536 4037 610 4082 tna.
634 4016 748 4094 Video,
772 4018 826 4082 sed
850 4038 914 4083 non
940 4017 1013 4082 satie
1035 4014 1136 4080 clare:
1168 4014 1275 4080 videt

453 4102 559 4190 aliquo
574 4103 670 4168 modo

369 4187 581 4254 Simulacrum
596 4193 708 4254 forme
721 4189 829 4273 ipsius,
845 4207 878 4254 et
892 4207 1001 4277 pectus
1016 4187 1251 4256 adumbratum.

368 4271 494 4340 Velocis
510 4277 627 4342 utinam
644 4297 770 4342 cursum
788 4275 880 4341 nubis

1326 3799 1369 3854 ἔτ.
