2888 4856
492 265 787 334 ELECTRA.

98 461 169 508 aaa.
179 441 284 510 Sileor
308 441 406 508 timeo
419 442 502 506 enim
517 442 634 529 ipsum,
651 454 747 528 prout
760 461 821 527 ego
834 439 941 506 timeo.

98 547 168 596 oar.
181 527 279 594 Mitte
293 528 370 594 ietoe
384 549 562 593 semones:
585 527 641 593 eed
654 550 712 593 cur
725 549 777 593 me
791 547 894 604 voces,
907 527 940 592 Ο
954 525 1019 592 lilia
1028 525 1049 592 ?'

97 633 169 682 ιιι.
181 614 356 692 Αιιάἰνίεῑί,
370 615 495 700 opinor,
510 635 616 680 meum
629 613 852 716 puerperium:

181 699 237 766 Ob
251 701 314 766 hoc
327 721 401 766 meo
414 702 545 766 nomine
558 699 712 781 mulien,
727 721 791 766 non
807 699 891 764 enim
906 699 971 764 ecio
985 703 1074 764 mm
1088 719 1159 786 ego,

180 787 350 854 Decimam
364 785 472 852 lunam
488 788 577 872 pueri
593 800 628 852 ut
643 786 782 852 moribne
796 799 844 850 ert
858 799 1031 870 receptum:
1098 791 1177 852 1121

184 873 292 939 Perite
305 872 390 939 enim
405 894 470 937 non
485 895 554 938 eum
570 873 682 950 luorico,
698 873 773 960 quie
788 893 949 972 nunquam
965 885 1038 938 ante
1050 871 1166 958 peperi.

100 979 168 1024 cnr.
182 959 322 1024 Alterius
338 961 399 1024 hoc
413 971 527 1024 munus
541 969 596 1036 en,
612 981 685 1046 quae
700 973 731 1024 te
745 972 838 1044 partu
853 957 1008 1024 lrberebit.

99 1064 172 1110 rna.
181 1045 258 1132 lpse
270 1047 367 1110 enixa
380 1067 450 1110 aurn
465 1058 498 1110 et
511 1044 579 1110 nole
591 1047 658 1110 eine
669 1045 821 1112 odotem
833 1043 982 1110 infantem
997 1045 1115 1132 peperi.

99 1151 167 1196 cur.
179 1130 272 1198 Adeo
285 1145 409 1197 remote
423 1130 464 1196 ab
478 1133 587 1197 amicir
600 1131 732 1196 doenum
747 1127 879 1196 incolis?

101 1235 172 1284 ata.
183 1217 287 1284 Naro
344 1238 456 1304 operer
469 1218 587 1282 emico·
600 1217 659 1284 eibi
674 1218 843 1282 conciliare
856 1216 953 1302 cupit.

101 1323 168 1370 cnr.
182 1305 270 1394 Ergo
284 1305 296 1368 i
365 1317 402 1370 ut
417 1305 515 1370 Procri
527 1305 697 1404 perfectam
712 1304 888 1393 genitorem

184 1389 351 1458 Immoletn
365 1391 437 1455 Diis
449 1412 457 1454 t
479 1389 536 1454 tib1
551 1413 626 1454 vero
641 1403 805 1478 poatquam
818 1387 937 1454 dedero
949 1389 1083 1478 gretiam

184 1475 297 1556 latam,
312 1477 366 1542 ibo
380 1479 412 1541 in
427 1497 551 1563 agrum,
567 1475 622 1543 ubi
637 1479 768 1542 meritae
782 1497 871 1542 eecre
884 1473 957 1542 lacit

178 1561 359 1651 Nymphis.
403 1564 449 1628 At
463 1564 534 1628 hoec
548 1561 700 1640 vehicula,
717 1561 862 1640 ministri,
1039 1579 1045 1586 ·
1102 1567 1185 1626 1100

184 1649 386 1715 Dedooenter
399 1649 441 1714 ad
452 1649 606 1734 praesepia
621 1649 772 1734 reponite.
815 1647 897 1714 Cum
911 1659 1013 1712 autem
1029 1669 1080 1714 me

186 1735 343 1802 Putabitia
355 1735 417 1800 hoc
431 1735 585 1802 ramilicio
599 1735 672 1802 Diie
678 1733 768 1817 sueto
780 1732 960 1801 defunctam
975 1755 1049 1812 eane.

186 1820 321 1888 Adeste:
344 1835 470 1907 oportet
483 1822 568 1886 enim
584 1834 616 1886 et
631 1823 744 1886 marito
758 1819 939 1908 gratificari.

104 1925 174 1972 au.
186 1907 264 1974 Subi
277 1929 451 1994 pauperem
464 1929 592 1974 marne
612 1929 689 1973 care
702 1923 806 1972 eutem
824 1905 911 1984 mihi,

188 1993 239 2060 Ne
253 1995 310 2060 tibi
324 1993 456 2082 fuligine
469 1994 598 2080 opplent
612 1993 768 2058 fumorum
784 2007 900 2058 tectum
916 1992 1042 2078 poploe:

189 2079 387 2148 Sacrificabie
400 2081 496 2158 enirn,
513 2093 547 2146 ut
561 2079 621 2146 diis
635 2093 667 2145 te
680 2079 855 2144 sacrificere
868 2079 1026 2144 convenit.

189 2165 371 2232 Cnnietrum
393 2178 497 2231 eutem
519 2166 561 2231 ed
590 2187 678 2231 secra
698 2163 890 2252 auspicanda
911 2177 956 2230 eet
977 2177 1132 2250 peretum,
1155 2179 1187 2232 et

273 2266 385 2318 acutus
398 2252 510 2328 culter,

188 2337 256 2416 Qui
271 2339 397 2404 eontulit
411 2351 548 2416 taurum,
565 2359 659 2424 quem
674 2359 774 2423 prope
787 2337 931 2404 ooncidee

193 2425 364 2491 Percurear
388 2427 420 2490 in
437 2424 582 2493 Plutonia
597 2445 672 2488 vero
685 2424 808 2490 aedibus
822 2422 921 2490 nubea
934 2427 974 2500 ei,

190 2511 274 2576 Cum
291 2533 355 2596 quo
369 2509 529 2578 domiebee
543 2511 574 2574 in
591 2509 680 2576 luce:
703 2523 822 2576 unum
839 2531 912 2575 vero
926 2531 987 2598 ego
1105 2518 1188 2577 1140

191 2597 376 2748 Βερειιᾶῶω
391 2599 525 2684 mam
541 2596 616 2662 tibi:
640 2612 675 2661 tu
690 2618 765 2662 vero
786 2595 863 2662 mihi
884 2617 995 2681 poenea
1008 2595 1106 2682 patria
1120 2601 1188 2665 cest

276 2685 318 2748 dn
346 2687 376 2748 'a

110 2789 183 2836 ono.
197 2769 427 2849 Retributiofit
442 2768 618 2834 malorum:
641 2781 770 2836 mutatae
784 2789 852 2834 uero
904 2769 929 2832 i·
1104 2771 1185 2854 (rer.)

190 2870 262 2921 rant
276 2876 364 2920 auree
377 2855 501 2921 domne.
545 2855 640 2921 Tunc
654 2854 782 2942 quidem
796 2856 830 2920 in
918 2853 964 2918 eie

192 2941 353 3008 Occubuit
367 2962 469 3022 meus,
483 2963 572 3006 meua
585 2941 742 3027 princepe,

192 3027 367 3094 Insonuere
380 3039 485 3092 entem
500 3041 592 3107 tecta,
607 3041 638 3093 et
653 3027 787 3113 lapideae

193 3113 327 3180 AEtlium
343 3115 460 3200 pinnae,
476 3115 551 3178 dum
569 3115 637 3178 heac
653 3114 832 3200 loqueretur
847 3113 879 3178 Ο

194 3199 364 3276 Scelerate,
379 3198 457 3286 quid
470 3221 531 3276 me,
548 3201 669 3278 mulier,
685 3199 791 3277 cendia,
807 3197 935 3264 charam
951 3198 982 3262 in

193 3285 334 3352 Patriam
349 3285 502 3351 decimam
516 3299 589 3372 poet
602 3307 723 3352 umen·

192 3387 267 3450 tem,
285 3393 441 3437 reversum
458 3370 584 3438 meam?

194 3459 290 3524 Nunc
304 3457 439 3524 refluere
453 3457 536 3522 hanc
550 3459 582 3523 in
597 3456 740 3524 fraudem
755 3455 878 3543 perlicit
893 3455 1042 3522 Vindicta
1101 3457 1191 3538 (ont.)

195 3543 370 3612 Permutati
386 3544 481 3620 thori,
499 3545 642 3610 miserem
658 3566 731 3630 quae
744 3545 845 3610 virum
1109 3551 1187 3610 1101

195 3633 276 3696 Sero
289 3653 448 3696 reversum
463 3632 496 3694 in
511 3653 584 3696 auor
595 3630 680 3696 aeder

196 3717 312 3804 Adque
327 3717 487 3804 Cyclopea
496 3717 581 3782 aeria
596 3719 717 3782 moenia
729 3737 804 3782 acu·

195 3815 229 3868 to
243 3803 307 3868 telo
321 3805 472 3890 percumit
486 3803 614 3890 propria
630 3821 736 3879 mauu,

196 3889 340 3955 Securior
357 3911 451 3956 rnenu
467 3891 655 3974 corripiens:
679 3889 773 3954 nueer

196 3973 345 4052 Maritus,
361 3977 447 4063 quod
462 3997 602 4064 unquam
619 3977 708 4042 iatam
724 3973 802 4040 infe·

195 4061 287 4126 licem
302 4061 449 4128 habuerit
460 4077 590 4148 pentem.
1117 4137 1122 4150 ‚

196 4147 282 4226 Quae
297 4147 391 4214 veluti
407 4167 557 4214 montena
570 4149 672 4214 leena
686 4149 827 4214 locorum
1081 4149 1193 4232 (epod.)

197 4233 357 4312 Qnesoen
370 4235 553 4321 depascens,
569 4233 790 4317 hecsocimro
804 4233 949 4320 pauent

113 4319 346 4402 aeolium,
361 4341 417 4408 per
430 4322 506 4388 deor
519 4343 561 4386 ne
575 4333 705 4388 matrem
719 4321 862 4388 occidite.
1113 4329 1195 4390 noo
