2854 4866
651 191 978 261 EURIPIDIS

353 368 493 435 Odiosus
504 366 672 454 liberisque
684 367 756 432 tuis.

353 455 437 521 Cum
475 453 483 466 '
528 463 629 518 mater
642 474 708 518 non
721 453 855 520 voluerit
892 499 897 514 .
1212 457 1295 538 (ost.
1310 455 1360 536 2.)

353 799 460 876 Quem
473 797 661 888 genuerunt,
675 818 734 862 uec
748 797 963 862 sustinuerunt
976 795 1144 864 defendere

353 884 551 961 Detestandi,
566 883 717 948 habentes
731 905 841 948 canam
856 905 988 948 comam·

353 971 408 1036 Tu
422 993 498 1036 vero
511 971 545 1034 in
559 969 725 1055 pubertate
733 969 867 1056 juvenili

353 1057 419 1122 Pro
433 1060 502 1122 riro
511 1057 628 1143 juvene
641 1056 777 1120 moriens
790 1055 869 1120 abis.

353 1141 428 1208 Tali
441 1145 605 1230 contingat
619 1141 695 1206 mihi
710 1141 804 1225 potiri

355 1228 501 1316 conjuge
514 1228 611 1292 chara
622 1227 696 1292 lecti
711 1228 811 1291 socia:

354 1315 441 1380 Haeo
454 1315 538 1379 enim
552 1336 619 1379 sors
633 1316 667 1378 in
681 1313 746 1378 vita
759 1323 803 1378 est
819 1334 906 1377 rara:

354 1400 450 1466 Certe
463 1421 587 1466 mecum
601 1399 668 1465 sine
681 1399 824 1463 molestia

355 1486 419 1552 Per
432 1507 526 1551 omne
539 1508 642 1550 aerum
656 1483 792 1549 vireret!

270 1572 388 1640 nemo
402 1571 552 1658 hospites,
567 1571 659 1658 hujus
674 1569 817 1636 Pheraeoe
831 1583 924 1635 terre
938 1571 1061 1649 incolae,

356 1657 529 1725 Admetum
542 1659 576 1723 in
590 1656 712 1722 sedibus
725 1680 766 1722 an
781 1655 929 1721 invenio?

270 1767 347 1812 eno.
357 1744 417 1810 Est
430 1745 517 1810 domi
533 1743 615 1808 fitius
632 1743 783 1820 Pheretis,
800 1741 832 1808 Ο
848 1742 1014 1808 Hercules.

355 1831 476 1896 Verum
491 1830 601 1908 dicito,
616 1852 689 1917 quae
704 1852 799 1895 eausa
813 1841 845 1894 te
858 1831 892 1893 in
907 1827 1130 1893 'Thessalomm
1145 1831 1312 1918 regionem

350 1915 469 1995 Mittit,
485 1930 521 1983 ut
533 1920 576 1982 ad
588 1915 672 1982 hauc
688 1915 889 1980 Pheraeorum
903 1915 1060 1980 civitatem
1075 1916 1229 1982 accedas?
1291 1929 1358 1986 ⁵00

270 2001 526 2090 nem'iirynthio
541 2002 720 2090 Eurystheo
734 2002 891 2089 quendam
905 2001 1040 2066 conficio
1055 2001 1207 2068 laborem.

270 2107 347 2154 cno-
357 2087 401 2154 Et
415 2111 479 2175 quo
492 2087 602 2154 vadis?
622 2089 673 2153 cui
687 2087 853 2152 adstrictus
862 2109 896 2152 es
909 2085 1080 2152 errationi?

271 2175 411 2241 anund
426 2173 647 2262 quadrijugum
661 2195 790 2240 currum
804 2173 971 2240 Diomedis
986 2173 1120 2239 Thracis
1133 2173 1356 2242 auferendum.

270 2281 348 2326 cuo.
357 2259 529 2338 Quomodo
543 2263 639 2349 igitur
652 2261 707 2326 doc
719 2259 860 2344 poteris?
880 2281 922 2323 an
935 2282 969 2324 es
984 2260 1098 2324 inscius
1107 2258 1269 2346 hospitis?

272 2347 481 2413 nsmlnscius
490 2371 500 2426 3
516 2345 658 2411 nondum
675 2347 746 2411 veni
760 2349 794 2410 in
810 2345 975 2412 Bistonum
988 2369 1111 2449 agrum.

270 2452 349 2498 cuo.
359 2433 434 2499 Non
449 2433 566 2518 poteris
580 2432 649 2496 fieri
662 2431 811 2497 domiuus
865 2453 977 2496 uorum
992 2454 1060 2497 stne
1074 2454 1192 2520 pugna.

271 2520 420 2586 erased
435 2541 501 2584 non
514 2530 583 2584 erat
595 2517 673 2582 milri
686 2519 834 2604 possibile
919 2541 968 2584 res
982 2521 1056 2584 istos
1068 2541 1223 2584 recusare.

271 2625 349 2670 cao.
360 2605 530 2672 Interfecto
543 2605 641 2694 igitur
654 2626 693 2670 eo
706 2605 835 2686 redibis,
850 2619 904 2670 aut
918 2605 1095 2690 interfectio
1108 2605 1152 2670 ibi
1166 2607 1327 2674 manebis.

270 2693 435 2776 usa.Non
445 2691 507 2758 hoc
520 2703 678 2757 certamen
690 2693 830 2791 primum
843 2711 967 2756 omrem
982 2714 1050 2778 ego

271 2797 348 2844 cao.
358 2778 445 2850 Quid
459 2801 534 2843 vero
547 2775 735 2843 lueri-factes
748 2777 830 2843 ricto
844 2773 996 2842 domino?
1292 2791 1358 2848 510

271 2865 466 2952 namidquos
481 2864 636 2930 adducam
652 2863 825 2952 Tirynthio
839 2863 916 2952 regi.

271 2970 348 3016 cuo.
358 2951 433 3016 Non
448 2950 538 3047 facile
551 2961 595 3017 est
608 2949 742 3014 fraenum
756 2950 883 3037 injicere
896 2947 992 3034 genis.

271 3037 431 3103 uamNisi
445 3038 564 3122 spirent
577 3037 682 3124 ignem
696 3059 715 3101 e
729 3035 867 3101 naribus.

271 3143 350 3190 cuo.
360 3125 406 3188 m
419 3121 563 3188 homines
576 3123 716 3188 lacerant
730 3122 848 3208 rapidis
925 3121 962 3188 is.

275 3209 514 3276 uan.Psbulum
527 3209 606 3273 dicis
618 3221 838 3274 montanorum
866 3231 999 3285 ererum,
1015 3229 1079 3274 non
1093 3231 1260 3297 equorum.

271 3317 348 3362 cao.
361 3293 492 3360 Videbis
505 3295 660 3381 praesepia
674 3295 827 3378 sanguine
840 3317 1017 3379 conspersa

272 3381 377 3449 nami
403 3404 435 3446 se
448 3404 533 3458 vero,
544 3382 599 3468 qui
612 3379 699 3458 aluit,
716 3382 805 3468 eujus
819 3381 916 3466 patris
930 3381 1029 3446 filium
1044 3403 1077 3446 se
1085 3381 1206 3467 jactat?

272 3488 350 3535 cao.
402 3469 485 3545 artis,
506 3468 691 3533 Tiuocorum
705 3467 860 3553 peltarum
875 3467 1197 3534 auro-abundantium
1215 3469 1305 3538 Rex.

272 3555 403 3622 uanAEt
416 3553 501 3620 hune
515 3576 588 3619 meo
602 3552 666 3618 fato
680 3575 855 3641 congruum
869 3553 1010 3619 laborem
1024 3576 1189 3632 narras,-

357 3643 485 3706 Dumm
499 3641 583 3705 enim
598 3663 720 3726 semper
734 3651 787 3716 est,
803 3653 836 3704 et
849 3641 882 3704 in
896 3639 1029 3705 arduum
1045 3639 1203 3717 tendit-
1294 3653 1360 3712 520

357 3727 482 3814 Nempe
494 3739 621 3812 oportet
635 3749 686 3791 me
699 3749 771 3792 oum
786 3725 867 3804 filiis,
883 3747 962 3812 quos
976 3725 1067 3792 Mars
1080 3729 1202 3814 genuit,

358 3813 504 3914 Pugnant
520 3813 727 3894 committere,
742 3813 880 3898 primum
895 3813 1024 3899 quidem
1038 3833 1109 3877 cum
1125 3811 1294 3900 Lycaone,

355 3899 480 3964 Demde
494 3921 568 3964 vero
584 3899 705 3985 Cycno,
720 3897 870 3964 hocsem
884 3899 1012 3964 tertium
1027 3899 1119 3963 renio

358 3983 526 4052 Certamen
541 3987 766 4052 commissurus
779 4007 852 4050 cum
866 3985 965 4086 equis,
980 3999 1012 4050 et
1025 3983 1166 4050 domino.

357 4069 421 4136 Sed
434 4093 528 4138 nemo
541 4085 597 4148 est,
612 4071 667 4158 qui
682 4069 843 4136 Alcmenae
857 4070 960 4136 filmm

358 4155 510 4244 Unquam
524 4157 647 4222 visurus
661 4158 701 4222 sit
714 4161 906 4222 metuentem
919 4157 1064 4224 hostilem
1079 4179 1222 4224 manum.

271 4263 348 4310 cuo.
358 4241 458 4328 Atqui
473 4265 544 4308 eece
558 4242 705 4308 dominus
719 4244 811 4329 hujus
824 4257 916 4310 terne
