2798 4862
286 233 536 307 IPHIGENIA
560 235 611 306 ΙΝ
633 237 820 309 AULlDE.
1029 245 1090 311 111

143 415 200 482 Hoc
210 416 273 480 enim
284 437 321 480 etr
337 429 533 502 sequemet,
549 427 581 480 at
595 433 660 480 non
675 429 707 482 tc
721 433 821 482 unum
834 434 877 482 ex
893 415 1041 482 omnibus
1124 461 1131 472 ·

140 503 252 570 Preberc
262 513 336 566 tuum
353 501 450 566 filiam
464 502 626 566 victimam
642 503 776 580 Graetis,

138 579 331 675 Antoportebot'
346 587 530 652 Menelaum
552 588 728 654 interficere
750 589 959 655 Hennionent
984 588 1092 656 matris

204 697 283 751 mosa,
924 691 929 706 ⁸

136 763 212 848 Cujus
223 761 366 848 negotium
381 775 458 825 erat.
489 761 585 825 Nunc
599 778 673 826 vero
687 783 748 848 ego
761 761 899 848 quidem,
915 777 987 848 quea
1000 771 1091 828 tuum

133 849 291 912 connubium
305 855 520 922 sermonesve,
537 847 698 932 spoliabor
713 851 821 935 utiquc
833 847 901 913 filia
915 863 993 926 meo,
1009 857 1086 916 1191
1140 841 1146 854 '

131 935 198 1010 Quo
211 955 270 998 vero
280 934 427 1018 peccavit,
442 933 579 1017 puellam
595 935 753 998 alumnum

130 1021 231 1105 Sparte
242 1020 376 1096 educens,
391 1020 452 1084 erit
466 1023 567 1084 betta.

129 1106 269 1192 Responde
280 1107 355 1169 mihi
369 1097 411 1170 de
423 1105 473 1168 his
487 1106 513 1169 si
528 1105 603 1192 quid
618 1124 683 1170 non
697 1117 782 1171 recte
796 1107 884 1172 dicor

126 1193 240 1270 Quodsi
252 1194 343 1277 probe
356 1188 440 1257 dicta
455 1203 538 1269 sunt,
553 1192 718 1257 considera
734 1211 784 1271 nc,
798 1213 868 1272 oro,
883 1213 925 1258 nc
938 1185 1063 1260 occidas

124 1279 215 1345 Meam
228 1301 259 1343 oo
271 1292 352 1343 tuem
368 1279 476 1356 liliam,
492 1291 524 1343 et
539 1279 663 1363 sapiens
677 1280 761 1342 cris·

62 1389 113 1432 uo.
123 1366 303 1450 Obtenpera:
326 1385 399 1430 nem
414 1365 582 1429 honestum
598 1375 644 1430 eat
659 1383 844 1430 conseruare
857 1364 984 1444 liberos,
1042 1395 1046 1404 ,

120 1455 330 1540 Agamemnona
352 1467 446 1515 nemo
461 1451 640 1516 mortalium
655 1461 764 1516 contra
779 1451 983 1518 occuluerit

61 1559 106 1604 en.
118 1539 146 1604 O
158 1549 244 1624 pater,
258 1540 279 1601 si
295 1536 418 1622 Orphei
427 1537 607 1603 facundiam
622 1537 783 1616 haberem,

118 1625 158 1692 Ut
176 1647 283 1710 possem
306 1624 497 1688 incantando
518 1624 707 1709 persuadere
727 1622 846 1709 lapides
868 1635 903 1688 ut
920 1645 970 1688 me
984 1645 1093 1710 seque·

188 1723 294 1788 rentur,
1009 1719 1092 1777 1200
1205 1769 1209 1785 ,

111 1797 149 1861 Et
163 1797 326 1861 demulcere
341 1793 451 1876 verbis,
467 1817 546 1882 ques
563 1793 683 1872 vellem,

109 1883 181 1948 Huc
193 1883 401 1971 confugissem.
448 1885 542 1948 Nunc
556 1903 631 1946 vero
645 1903 717 1969 quae
733 1901 804 1946 mee
816 1881 964 1948 facundie
978 1895 1034 1960 est,

106 1971 284 2056 Lachrymes
298 1968 464 2055 pnebebn:
486 1969 556 2033 haec
572 1969 653 2032 enim
671 1987 842 2053 possemus.
898 2026 901 2030 .

103 2060 130 2120 A
157 2056 232 2140 plico
245 2075 317 2120 vero
331 2057 393 2120 tulo
406 2053 538 2140 genibus
552 2067 701 2142 tanquam
715 2073 837 2120 sarnum
846 2055 1091 2141 supplicantium

101 2079 206 2207 illum
222 2163 343 2226 corpus,
360 2141 444 2228 quod
460 2143 519 2206 isto
534 2144 656 2227 peperit
671 2141 738 2216 tibi,

98 2229 148 2294 Ne
161 2239 210 2292 ine
222 2227 388 2293 interficies
403 2229 621 2293 immaturam:
638 2227 815 2315 jucundum
839 2227 921 2292 enim
944 2240 992 2293 est
1009 2222 1097 2293 hanc'

179 2317 276 2380 iucem

91 2401 257 2486 Aspicere:
279 2416 382 2486 neque
396 2419 447 2465 me
461 2419 555 2489 coges
570 2400 674 2465 videre
690 2417 725 2464 ea
741 2415 813 2486 qun
827 2411 901 2467 sunt
916 2395 975 2465 iub
991 2413 1083 2465 terra.

89 2487 200 2552 Prima
214 2510 273 2588 ego
288 2499 319 2551 te
332 2501 455 2571 petrem
471 2487 637 2573 appellavi,
653 2499 685 2552 et
700 2501 736 2551 tu
751 2509 801 2551 me
816 2487 934 2552 illiont:

86 2575 194 2638 Prima
207 2585 311 2649 etrum,
328 2575 498 2637 admovens
512 2594 627 2658 corpus
640 2593 745 2637 meum
761 2573 822 2638 tuis
835 2573 978 2660 genibus,

84 2661 202 2725 Gratas
217 2661 394 2744 voluptates
407 2659 479 2724 dodi
493 2673 524 2724 et
539 2660 641 2742 recepi
657 2659 804 2723 vicissim.
1010 2666 1094 2724 1210

79 2748 148 2810 leto
165 2769 241 2810 vero
256 2759 325 2810 erat
339 2759 394 2810 tua
408 2747 528 2810 oratio:
553 2747 585 2810 0
600 2746 674 2821 iiiia,
684 2761 771 2822 tene,

78 2832 207 2896 Videbo
222 2833 256 2896 iu
272 2832 395 2896 aedibus
411 2833 514 2896 mariti
529 2831 704 2916 locupletis,

73 2920 252 2983 viventem
267 2933 299 2983 et
313 2919 487 2994 florentem,
503 2931 539 2982 ut
551 2937 603 2982 me
617 2911 748 3004 dignum
764 2910 836 2981 est?

69 3005 156 3070 Mea
172 3027 252 3068 vero
267 3005 400 3069 vicissim
417 3007 515 3069 orotio
529 3003 599 3068 haec
614 3017 690 3080 erat,
707 2995 874 3088 pendentis
888 3021 907 3066 a
920 3015 977 3070 tuo

65 3091 206 3166 Mento,
226 3092 317 3178 quod
333 3106 418 3158 nuno
434 3091 578 3156 manibus
592 3091 776 3176 suppliciter
789 3104 908 3179 tango:

61 3177 163 3256 Quid
179 3199 264 3242 vero
279 3201 341 3266 ego
355 3190 386 3242 te
400 3176 529 3241 senem?
551 3199 627 3241 num
643 3177 799 3262 excipiam
980 3173 985 3184 ’

58 3269 92 3328 O
110 3276 227 3349 pater,
243 3281 342 3352 grato
356 3263 494 3349 hospitio
508 3282 647 3328 meorum
664 3265 791 3341 oedium,

58 3349 230 3415 Reddens
247 3350 310 3414 tibi
325 3348 551 3414 nutricationes
567 3349 711 3415 laborum
727 3345 1038 3433 compensationem?

58 3438 204 3500 Horum
225 3437 318 3500 enim
335 3457 514 3501 sermonum
529 3438 713 3500 memoriam
728 3437 832 3502 adhud
847 3449 948 3512 serto,

58 3523 109 3586 l‘u
132 3543 222 3586 vero
239 3523 362 3588 oblitus
376 3545 420 3602 es,
435 3535 467 3588 et
481 3541 532 3587 me
546 3523 691 3588 occidere
705 3525 760 3588 vis.
1010 3527 1091 3586 1220

58 3611 104 3672 tie
126 3631 194 3692 per
213 3609 387 3694 Pelopem,
403 3623 435 3673 et
450 3623 569 3694 petrem
586 3610 720 3673 Atreum

58 3697 91 3759 lt
110 3717 183 3781 per
199 3711 361 3772 matrem,
377 3714 450 3781 quse
465 3715 516 3760 me
529 3695 618 3780 prius
632 3695 758 3780 pariens

58 3785 155 3846 lunc
173 3781 351 3846 secundos
366 3781 423 3845 hos
437 3781 564 3846 dolores
579 3795 688 3864 partus
701 3782 829 3867 petitur.

59 3869 141 3944 inid
162 3867 263 3932 mihi
282 3869 329 3932 rei
343 3878 390 3932 est
404 3887 474 3933 cum
491 3869 609 3954 nuptiis
625 3867 802 3932 Alexandri

58 3955 81 4018 :t
103 3953 309 4020 Helenae?
329 3954 424 4031 unde,
438 3954 470 4020 O
482 3965 580 4036 pater,
593 3955 677 4019 venit
687 3955 783 4019 Poris
793 3951 833 4017 ad
844 3967 946 4015 mesm
959 3947 1092 4016 necem?

59 4041 204 4126 ,espice
219 4063 297 4116 me,
314 4041 429 4122 largire
444 4041 521 4104 mihi
536 4056 625 4105 tuum
643 4051 804 4124 aspectum
819 4047 850 4102 et
864 4037 1016 4116 osculum,

59 4127 95 4198 t,
120 4127 155 4189 si
177 4126 281 4191 mihi
301 4127 499 4192 moriendum
515 4129 563 4203 sit,
580 4127 714 4190 habeam
729 4127 791 4190 hoc
806 4122 916 4190 saltem
932 4123 979 4188 tui

59 4213 348 4290 sonumentum,
364 4215 468 4278 sinon
481 4230 649 4316 persuasus
662 4211 757 4277 fueris
772 4213 849 4278 meis
862 4207 975 4276 verbis.

59 4313 176 4377 uter,
202 4299 371 4364 infirmus
385 4311 420 4366 tu
436 4301 564 4386 quidem
579 4299 748 4366 auxiliator
762 4311 793 4366 et
807 4299 925 4376 amicis,
