2862 4864
273 267 335 326 868
659 251 975 320 EURIPIDIS

273 434 519 503 enuntiarunt
533 431 656 497 evanidi
671 431 737 496 duo
750 431 973 508 adolescentes,

359 519 501 586 Consilio
516 517 590 583 filiae
606 517 856 606 Agamemnonis

360 606 531 694 Fugientes
545 627 583 670 ex
599 604 659 668 bac
673 618 767 681 terra,
783 617 814 669 et
829 603 1041 670 venerandam
1056 615 1191 671 ιιιιιιιιιι

359 693 556 778 Accipientes
570 691 604 754 in
616 691 692 755 sinu
706 691 795 756 navis
810 687 946 758 Grues.

273 803 351 849 cuo.
361 779 451 846 Dicis
465 799 532 844 rem
547 777 782 842 incredibilem
805 799 898 864 qoem
912 787 1020 842 auten
1033 775 1141 842 ridere
1154 777 1247 864 omis

363 866 482 954 Regem
499 862 586 950 hujus
599 878 703 942 teme,
713 865 780 950 jam
795 885 836 928 ex
851 863 970 950 templo
984 863 1071 929 obiit.

274 952 456 1028 nun.Quoi
481 962 606 1036 oportet
619 951 703 1014 enim
717 972 790 1015 eum
805 950 884 1014 scire
898 971 971 1036 quae
985 971 1065 1014 nnnc
1077 949 1170 1015 liunt.

276 1061 353 1107 ciro.
364 1038 548 1103 Nescimust
570 1057 669 1122 qnare
684 1035 747 1114 abt,
763 1050 795 1100 et
808 1057 994 1137 persequere
1006 1037 1112 1122 ipsum
1127 1059 1176 1114 eo,

362 1124 429 1190 Ubi
444 1145 516 1188 cum
531 1143 602 1187 eum
618 1139 729 1187 nactus
742 1121 848 1202 inens,
863 1123 994 1187 nuncies
1007 1125 1035 1186 ei
1051 1123 1110 1188 ists
1123 1124 1229 1188 verba.
1280 1129 1358 1188 1260

277 1209 487 1292 ausmidere,
503 1231 597 1296 quem
614 1209 818 1292 perfidiosum
831 1209 871 1273 sit
926 1231 985 1273 nus
998 1207 1162 1288 muliebre,

362 1296 405 1362 Ει
419 1319 474 1360 vos
488 1296 561 1361 estis
575 1297 745 1381 participes
758 1295 875 1360 borum
884 1231 1077 1359 ldeinnrnm.

276 1405 352 1451 cuo.
363 1383 502 1448 Insanis:
526 1380 603 1469 quid
617 1383 701 1446 enim
717 1381 808 1446 nobis
822 1381 942 1468 negotii
950 1393 997 1446 est
1007 1403 1079 1446 cum
1091 1379 1168 1469 luge
1177 1376 1360 1467 hospitum?

362 1469 436 1533 Non
452 1468 511 1532 ibis
527 1467 564 1532 ad
581 1480 705 1552 portam
722 1468 804 1556 regis
818 1487 913 1568 quam
928 1467 1117 1532 celerrime?

275 1555 450 1632 nuruNon,
465 1555 648 1640 priusquam
664 1553 787 1619 satelles
802 1553 913 1640 nhqnis
926 1552 1044 1618 diaerit
1057 1553 1118 1618 hoe
1132 1553 1277 1634 verbum,

363 1643 492 1708 lntusne
505 1641 556 1718 sit,
573 1663 612 1704 an
627 1662 702 1718 non,
718 1641 865 1726 princeps
878 1637 966 1726 lajas
978 1652 1083 1706 terrae.

364 1727 456 1793 Heus
471 1729 590 1810 aperite
603 1725 696 1806 iores,
710 1727 800 1792 vobis
813 1727 887 1791 dico
900 1725 953 1813 qui
970 1727 1055 1792 intus
1068 1727 1153 1805 estis,

363 1813 406 1879 Et
424 1814 504 1899 Regi
519 1812 625 1892 dicite,
641 1813 727 1901 quod
741 1813 782 1878 ad
796 1812 878 1878 iores

363 1900 488 1978 Adsim,
505 1900 659 1964 nuncians
674 1921 830 1965 novorum
844 1919 927 1964 onus
942 1899 1110 1970 melorum.

275 2009 334 2054 ru.
361 1987 443 2064 Quis
457 1987 541 2051 circa
555 1985 684 2052 domum
700 1987 783 2051 banc
798 1987 866 2050 dese
880 1987 997 2058 excitat
1010 1984 1192 2068 clamorem,
1282 1991 1361 2054 1270

237 2137 239 2142 .
363 2075 459 2138 Fores
474 2071 611 2156 pulsans,
626 2085 659 2138 ct
672 2087 825 2137 terrorem
839 2073 966 2138 mittens
980 2071 1090 2137 introi

277 2157 432 2226 annua
447 2161 586 2223 mentite
602 2173 685 2238 sunt,
699 2172 733 2224 et
747 2159 920 2246 abegerunt
935 2181 986 2224 me
999 2182 1019 2222 a
1032 2157 1129 2226 domo

363 2244 462 2321 Quod
476 2259 565 2309 extra
579 2267 678 2310 esses:
701 2258 735 2310 tu
751 2259 857 2310 tamen
872 2267 941 2311 eres
955 2247 1040 2310 intus
1056 2248 1086 2310 in
1101 2245 1211 2312 domo.

168 2340 170 2352 '
277 2353 335 2398 rar.
362 2330 460 2408 Quod
475 2333 597 2395 luorum
612 2345 823 2418 expectantes,
840 2345 895 2396 aut
908 2334 984 2417 quid
997 2335 1167 2398 venantes?

277 2417 482 2484 scuposam
504 2414 618 2496 dicem,
643 2441 715 2504 quae
738 2417 778 2482 ad
801 2417 858 2482 bas
882 2417 1058 2506 pertlnant:
1089 2441 1163 2506 quae
1192 2440 1268 2484 vero
1292 2429 1364 2483 ante

510 2526 543 2568 es

361 2591 434 2656 Jam
446 2502 523 2654 lilllt
535 2591 626 2655 audI:
650 2590 765 2676 puella,
781 2611 854 2677 quae
869 2590 922 2655 hic

364 2677 439 2742 Aris
453 2677 583 2756 astabat,
600 2675 672 2767 Iphi
713 2679 767 2742 nia
780 2691 871 2743 extra
885 2677 968 2743 banc
982 2689 1099 2743 terram

365 2763 449 2829 Cum
465 2762 640 2848 hospitibus
655 2787 672 2829 s
696 2765 742 2843 iit,
758 2762 970 2832 venerandum
985 2764 1054 2830 deu

366 2851 507 2916 Statuam
524 2849 662 2925 habens;
683 2850 838 2916 simulstae
853 2851 935 2916 enim
952 2863 1043 2916 erant
1058 2851 1120 2918 illae
1133 2850 1341 2938 expletiones.

278 2955 336 3001 rar.
363 2935 452 3013 Quid
467 2935 538 3001 ais?
557 2937 635 3014 Qua
649 2959 756 3004 rerum
769 2959 845 3002 auro
862 2936 1023 3024 impulsa?
1283 2945 1364 3004 1280

279 3021 415 3088 susm
430 3039 568 3090 servaret
584 3023 737 3090 Oresten:
761 3025 821 3089 hoc
835 3025 918 3088 enirn
934 3037 968 3088 tu
982 3023 1158 3090 mlrabrris.

279 3127 336 3172 ιιι.
365 3107 495 3184 Quem?
518 3109 604 3175 Num
619 3110 708 3174 illum
724 3109 917 3197 Tyndaridis
930 3107 1056 3176 fillum?

280 3193 472 3272 numlllum,
490 3219 584 3280 quem
599 3211 833 3262 consecraverat
847 3198 916 3262 dese
930 3197 970 3262 ad
986 3196 1068 3264 barro
1082 3217 1180 3262 aram.

278 3301 336 3346 ιιι.
366 3281 616 3432 Oportflntuml
645 3284 807 3370 quomodo
826 3296 912 3350 recte
933 3284 1057 3350 minore
1076 3283 1206 3350 nomine
1227 3297 1261 3350 te
1280 3305 1368 3350 com-

450 3389 490 3453 pe
514 3390 574 3433 em.

280 3453 420 3519 suante
434 3452 499 3542 buq
511 3471 614 3522 vertas
629 3467 715 3520 tuam
732 3471 879 3532 mentem,
895 3457 948 3522 sed
964 3457 1039 3524 audi
1054 3479 1114 3536 me,

368 3539 411 3604 Ει
424 3539 508 3606 clare
522 3543 735 3622 considerans,
751 3557 782 3608 et
796 3541 927 3608 audiens
941 3547 1057 3633 cogita,

367 3626 434 3702 Qui
448 3630 560 3694 modus
573 3630 782 3716 persequendi
797 3646 926 3695 venetur
941 3629 1089 3717 hospites.

281 3733 338 3777 ιιι.
369 3711 452 3786 Dic:
477 3737 549 3779 nam
565 3729 649 3780 reete
663 3737 788 3782 monesr
812 3717 975 3782 nonenim
992 3739 1048 3804 par
1061 3715 1198 3782 ricinum
1215 3739 1305 3782 mare

367 3799 518 3889 Fugiunt,
534 3816 570 3867 ιιι
583 3803 703 3889 possint
715 3804 854 3906 effugere
868 3825 969 3869 meam
984 3805 1123 3870 classem.

280 3885 538 3974 uur.Postquem
555 3891 696 3956 venimus
709 3890 750 3956 ad
765 3891 852 3956 lrttns
866 3891 1037 3973 mannum,
1285 3899 1371 3959 1290

369 3971 434 4037 Ubi
449 3976 537 4039 navia
553 3975 673 4042 Orestis
687 3975 787 4042 latens
801 3993 869 4042 eret
883 3981 1026 4064 appulsa,

369 4058 470 4122 Nobis
485 4063 622 4146 quidem,
639 4085 718 4150 quos
731 4077 766 4128 tu
781 4085 853 4129 cum
868 4066 927 4130 isto
940 4065 1052 4130 misisti
1064 4063 1191 4130 vincula
1204 4063 1371 4152 hospitum

368 4143 535 4225 Temenus,
551 4165 630 4216 nutu
645 4149 843 4238 significavit,
858 4165 894 4216 ιιι
909 4151 1125 4218 recederemus
1138 4151 1249 4251 promrl

367 4233 615 4316 Agamemnonis
629 4235 704 4314 iilia,
720 4249 870 4322 tanquam
885 4261 1036 4304 arcannm
1052 4239 1157 4326 ignem

366 4315 589 4386 Sacrificaturn
603 4337 633 4389 et
648 4323 911 4408 purificationem,
927 4326 968 4390 etl
983 4347 1077 4413 quarn
1093 4327 1170 4392 ibat.
