2852 4862
237 205 301 266 880
610 191 934 260 EURIPIDIS

320 367 476 434 Custodes
491 365 635 450 pervasit,
652 365 737 452 quod
752 365 969 452 exploratores
982 369 1038 434 lat'e

321 454 473 602 Vene‘rlint
495 451 695 517 Graecorum.
740 451 784 517 Et
804 455 858 538 qni
873 453 1002 540 quitlem
1017 475 1067 520 eor
1081 475 1146 520 nou
1161 455 1252 534 vidit,
1269 457 1323 522 tac

257 597 260 602 ,
429 539 493 616 icit,

321 626 389 704 Qui
404 647 480 690 vero
493 625 652 714 venientes
664 625 753 702 vidit,
768 647 832 690 non
848 639 953 714 potest
965 640 1052 693 certo
1065 627 1181 705 dicere,

321 711 376 778 Ob
413 735 462 776 uoe
476 711 517 776 ed
528 711 698 778 tentorium
716 711 867 777 Hectoris
882 713 964 778 veni.

236 819 314 864 seru.
323 734 412 862 Nihil
427 809 563 862 metuas:
586 797 666 862 nihil
680 798 712 862 in
725 797 865 862 exercitu
879 801 974 864 novi:

321 883 446 950 Hector
459 884 543 948 enim
558 883 654 960 abeat,
669 883 872 950 ordinaturus
886 883 1061 950 Thracium
1075 885 1262 951 exereitum.

236 992 313 1036 eun.
322 970 375 1035 Tu
390 969 517 1056 quidem
535 970 612 1034 milri
626 991 693 1033 rem
708 970 888 1056 persuades,
903 983 936 1035 et
949 971 1011 1036 tuis
1025 973 1156 1038 credens
1171 971 1276 1037 verbis

138 1073 142 1080 ·
323 1055 477 1122 Ordinem
492 1069 670 1121 curaturus
684 1060 774 1131 abeo,
789 1055 869 1121 liber
884 1079 903 1120 a
917 1069 1015 1124 metu.
1255 1067 1322 1124 660

187 1217 196 1230 ι
237 1162 315 1208 seru.
322 1142 400 1206 Abi:
422 1153 456 1204 et
469 1142 614 1206 existima
627 1143 734 1206 omnis
747 1156 806 1207 tua·
816 1143 894 1206 milri
908 1165 994 1207 ourae
1007 1141 1090 1225 fore,

322 1227 366 1291 Et
380 1240 414 1293 tu
428 1249 554 1315 quoque
569 1228 742 1312 experieris
756 1249 858 1292 meam
872 1241 1054 1315 promptam
1070 1230 1280 1296 voluntatem.

320 1314 422 1378 Vobis
438 1336 513 1378 vero
528 1313 618 1378 valde
632 1313 779 1378 animosis
793 1314 876 1390 dico,

324 1399 385 1464 Fili
402 1399 535 1479 Laertie,
550 1411 658 1464 acutos
673 1421 761 1464 enses
775 1401 912 1464 condite.

321 1486 412 1550 Isoet
424 1485 509 1549 enlm
524 1485 614 1550 vobis
629 1484 784 1550 Thracius
798 1485 877 1564 dux,

321 1571 364 1636 Et
378 1572 450 1657 equi
465 1573 548 1654 copti
559 1581 717 1648 tenentur,
733 1570 837 1636 hostes
852 1593 927 1637 vero
941 1595 974 1636 re
988 1572 1125 1673 cognita,

319 1657 451 1723 Vadunt
464 1657 612 1722 adversus
625 1679 690 1735 vos,
705 1657 811 1742 itaque
825 1679 921 1743 quam
934 1658 1095 1722 celerrtme
1109 1671 1239 1744 oportet

321 1743 444 1831 Fugere
458 1742 498 1807 ad
514 1745 661 1808 sutioues
675 1744 816 1808 navium.
854 1743 941 1820 Quid
956 1745 1160 1820 cunctamini,

321 1829 464 1894 Turbine
478 1831 621 1895 veniente
635 1830 784 1907 bostium,
800 1850 922 1895 servare
936 1831 1031 1896 vitam
1040 1827 1071 1893 l‘
1119 1833 1122 1840 '

236 1935 311 1988 cuo.
319 1920 398 2002 Age,
414 1938 473 2003 ege
487 1917 494 1979 l
519 1915 587 1996 feri,
601 1914 670 1992 feri,
684 1915 753 1991 IerI,
767 1915 837 1992 seri,
1259 1921 1325 1994 670

320 2001 450 2078 Occide,
465 2002 592 2066 occide:
616 2003 685 2088 quis
700 2003 751 2065 lric
765 2001 837 2065 vir?

319 2088 445 2166 Videre,
460 2087 546 2152 hunc
560 2087 642 2152 dico.

321 2175 419 2240 Fures
433 2186 516 2251 sunt,
532 2175 586 2260 qui
603 2185 697 2238 noctu

321 2259 421 2324 Hunc
435 2261 564 2324 turbant
579 2261 759 2338 exercitum.

321 2346 409 2423 Huc,
424 2345 488 2409 huc
503 2345 634 2429 quilibet
645 2349 754 2410 ueniat.

232 2467 236 2476 ·
320 2431 394 2497 Hos
408 2453 468 2516 ego
482 2446 514 2496 et
528 2429 586 2496 hos
600 2431 835 2517 comprehendi.

319 2517 398 2588 Quis
413 2515 541 2581 nermo?
561 2517 645 2582 unde
659 2520 768 2582 venis?
793 2516 953 2604 cujusce?

235 2624 312 2670 our.
324 2604 396 2668 Non
404 2615 538 2752 f‹qnortet
552 2616 583 2668 te
596 2605 692 2680 scire3
716 2605 857 2668 morieris
878 2604 962 2667 enim
985 2601 1079 2666 bodie
1099 2603 1126 2666 si
1145 2602 1226 2688 quid
1239 2603 1321 2668 male

416 2711 522 2754 eceru.

234 2795 282 2841 su.
291 2785 304 2839 l
312 2777 396 2842 .Non
411 2777 496 2840 dices
510 2789 667 2852 mserum,
683 2777 864 2862 priusquam
881 2775 970 2840 hosts
982 2795 1041 2860 per
1053 2785 1163 2860 pecore
1175 2772 1254 2839 eet?

234 2883 309 2927 uu.
322 2862 452 2926 Retine:
475 2861 613 2944 confidet
631 2863 773 2950 quisque.
805 2870 893 2927 sm.
917 2862 1057 2928 Accede:
1079 2859 1148 2936 feri,
1163 2858 1233 2942 feri,
1247 2859 1318 2946 qui·

405 2947 450 3011 vis
464 2950 521 3012 vir.
1253 2955 1318 3013 680

233 3034 372 3100 sumu
394 3045 429 3098 tu
451 3035 484 3098 in
509 3033 651 3100 Rhesum
672 3033 842 3100 insolenter
859 3048 890 3099 te
910 3032 1020 3121 geris?
1064 3051 1140 3097 our.
1163 3033 1209 3098 At
1223 3046 1270 3111 tu,
1283 3033 1319 3096 iu

402 3119 549 3206 aliquem,
565 3121 619 3206 qui
635 3135 666 3184 te
680 3120 855 3184 interficiet.

233 3203 450 3271 su.2.Abstiue
463 3205 573 3293 quiris.
611 3225 659 3270 se.
672 3214 699 3269 l.
723 3205 860 3270 Minime
874 3227 961 3270 vero.
990 3212 1081 3269 sm.
1102 3201 1175 3269 Ah!
1200 3201 1318 3270 Vtrum

403 3292 539 3355 amicum
555 3313 595 3354 ne
609 3290 744 3356 occidas.

231 3375 478 3447 enuouidnam
494 3377 592 3464 igitur
606 3389 720 3442 tessera
734 3375 806 3442 est?
842 3397 918 3442 uus.
944 3375 1096 3442 Pboebus.
1132 3383 1224 3441 sm.
1246 3373 1320 3442 Au·
1421 3465 1422 3486 Χ

401 3462 473 3527 dio:
495 3463 621 3528 contine
635 3464 738 3550 quiris
751 3462 884 3528 hastam.

231 3550 405 3615 ss.l.Scin'
422 3570 486 3635 quo
500 3550 645 3615 abierunt
661 3548 754 3614 Viri?
796 3571 845 3614 se.
858 3555 890 3613 2.
914 3548 989 3614 Hoc
1002 3547 1067 3613 lere
1079 3545 1229 3612 vidimus.

230 3656 278 3700 su.
288 3634 516 3786 hQuisquiqes
530 3657 659 3722 sequere
673 3635 837 3722 uestigium
853 3639 1004 3720 ipsorum,
1022 3657 1064 3700 eu
1086 3631 1206 3698 clamor
1225 3635 1320 3699 exci-

401 3736 454 3786 tau
478 3745 515 3786 us
529 3731 583 3786 est.

229 3808 417 3908 seentqut
430 3808 531 3872 socios
546 3805 674 3872 turbare
689 3810 805 3872 malum
820 3819 862 3872 est
877 3821 995 3873 terrore
1010 3829 1066 3892 per
1079 3817 1216 3872 noctem.

228 3892 395 3971 serr.Qura
410 3895 548 3958 virorum
562 3904 614 3972 ert,
628 3893 683 3980 qui
699 3895 785 3958 venit
799 3895 883 3958 lucc?
1154 3891 1318 3976 (empta)

317 3977 398 4056 Quis
412 3991 466 4056 est,
481 3980 535 4065 qui
548 3981 585 4044 ob
598 4001 682 4044 suum
695 4001 843 4066 magnum
859 3981 1022 4046 audaciam
1035 3977 1234 4067 gloriabitur,

316 4065 358 4132 Se
371 4063 516 4152 effugisse
530 4087 631 4130 meam
648 4087 776 4130 menum
789 4069 800 4130 l

162 4161 175 4201 t
315 4149 456 4216 Ubinam
472 4151 572 4250 ipsum
588 4149 786 4237 consequar?
1248 4157 1318 4216 690

316 4236 379 4302 Cui
393 4237 570 4302 assimulabo
584 4244 677 4301 eum?
