2862 4864
362 221 618 289 lPHlGENIA
642 221 692 288 IN
713 219 896 290 TAUlllS.
1110 233 1170 290 8³1

170 399 268 464 Edito
281 398 423 480 oraculo,
436 411 603 484 postquam
618 405 784 484 paternam
799 398 918 464 cedem
933 421 1003 464 sum
1021 399 1115 478 ultus,

170 485 278 552 Matre
292 483 398 550 msa?
419 499 495 550 tunc
509 487 669 570 perpetuis
681 481 802 548 vicibus
818 485 983 550 Furiarum

169 573 338 661 ligitamur
352 571 467 648 exules,
483 585 572 636 extra
587 571 674 635 sedes
686 569 809 656 patrioe,
1132 581 1175 638 80

170 657 354 745 Cursusque
368 657 484 722 multos
497 656 653 722 flexuosos
667 655 798 721 confeci.

170 743 212 810 Et
225 745 356 809 veniens
372 744 561 830 interrogavi
576 755 617 822 te,
633 742 796 829 quomodo
809 744 956 830 agitantis
970 765 1018 808 me

171 829 303 896 Furoris
317 830 446 896 tandem
461 833 502 894 sd
517 830 613 894 linem
627 829 765 894 venirem
780 845 812 892 et
825 851 968 894 meorum
982 829 1138 908 laborum,

169 917 278 1068 illlum
292 917 409 1004 pertuli
424 915 629 1005 vagabundus
643 937 701 1000 per
715 917 901 995 Graeciam.)

200 1027 221 1068 u
236 1025 314 1068 vero
328 1025 379 1068 ms
387 1002 505 1089 jussisti
520 1002 627 1066 venire
640 1001 674 1066 in
689 1001 836 1066 Tauricae
849 1015 943 1068 terrae
956 1001 1045 1080 lines,

173 1089 239 1156 Ubi
255 1089 376 1170 Diana,
391 1111 481 1154 soror
496 1102 561 1164 tua,
576 1110 662 1154 aram
679 1087 784 1163 habet,

172 1175 215 1240 Et
226 1197 340 1262 rapere
353 1187 487 1240 statuam
505 1175 596 1251 Deae,
613 1196 708 1259 quam
721 1173 833 1239 dicunt
847 1173 899 1238 hic

172 1261 209 1327 ln
225 1261 289 1326 hoc
303 1261 455 1346 templum
470 1261 512 1326 de
525 1260 607 1325 coelo
619 1259 790 1325 decidisse:

172 1347 309 1434 Captam
324 1370 400 1412 vero
414 1349 477 1411 sive
491 1347 576 1424 dolo,
592 1347 658 1410 sive
671 1368 744 1412 casu
758 1345 875 1433 aliquo,

172 1433 322 1499 Peniculo
337 1433 477 1519 impleto,
494 1431 735 1498 Atheniensium
750 1447 843 1498 terras
1133 1441 1175 1500 90

174 1519 259 1584 Dare
273 1521 371 1585 hunc:
396 1535 511 1604 praeter
526 1518 586 1584 boc
601 1519 679 1584 nihil
695 1517 777 1583 ultra
791 1519 911 1584 dictum
926 1517 1004 1585 luit:

153 1605 157 1614 ’
173 1603 215 1670 Et
237 1605 287 1670 his
308 1607 443 1692 peractis
463 1628 509 1670 me
530 1604 800 1690 respirationem
817 1604 976 1670 laboribus
992 1605 1174 1672 habiturum

174 1777 278 1844 Venio
292 1779 401 1866 igitur,
417 1779 479 1844 tuis
492 1779 714 1862 obtemperans
729 1779 843 1859 verbis,
857 1777 921 1842 huc

173 1863 211 1928 ln
226 1877 342 1930 terram
358 1865 509 1954 ignotam,
523 1875 552 1930 et
563 1863 796 1948 inhospitalem.
819 1864 869 1928 Te
883 1877 987 1928 autam
1003 1865 1173 1952 interrogo,

175 1948 371 2034 Pylade—tu
386 1951 469 2014 enim
485 1951 613 2038 adjutor
630 1950 707 2014 mihi
723 1973 755 2014 ea
770 1951 863 2036 huJus
874 1949 1034 2014 laboris—

174 2035 261 2112 Quid
278 2035 450 2102 faciemus?
470 2037 661 2102 munitiones
675 2037 758 2102 enim
773 2057 938 2101 murorum
954 2037 1039 2101 vides

170 2121 275 2188 Altae:
299 2137 405 2188 utrum
421 2123 535 2188 domus
549 2123 646 2188 aceles

174 2207 435 2274 Exacendemus?
455 2209 615 2296 quomodo
629 2210 725 2297 igitur
741 2207 932 2274 latebimus?

175 2295 226 2360 An
241 2317 327 2360 aerea
341 2294 477 2361 claustra
490 2295 643 2360 solventes
657 2293 821 2360 vectibus?

174 2379 321 2458 Quorum
338 2381 417 2445 nihil
432 2383 563 2448 sciurus:
586 2380 671 2468 quod
687 2381 713 2446 ai
727 2383 905 2467 aperientes
919 2393 1026 2468 portas
1115 2391 1176 2448 100

175 2467 268 2552 Capti
285 2465 436 2532 fuerimus
450 2467 687 2556 ingressumque
701 2467 927 2544 machinantes,

175 2551 364 2618 Moriemur.
395 2553 515 2619 Verum
529 2555 713 2642 priusquam
727 2554 910 2632 moriamur,
926 2555 999 2618 navi

177 2637 202 2703 F
201 2641 357 2730 Ψωιιι,
417 2639 512 2706 ahuc
525 2641 749 2729 navigavimus.

102 2741 165 2788 m..
177 2723 300 2828 Fugere
314 2663 442 2814 qadim
458 2747 522 2790 non
537 2737 581 2791 est
595 2726 765 2808 tolerabile,
782 2748 884 2812 neque
898 2725 1112 2792 consuevimus
1124 2750 1131 2790 ε

176 2809 236 2877 Dea
250 2835 327 2878 vero
341 2813 505 2877 oraculum
521 2835 585 2876 non
601 2823 643 2877 est
656 2811 934 2878 contemnendum.

176 2895 237 2963 Sed
251 2922 273 2963 a
285 2899 407 2984 templo
421 2898 600 2964 recedentes
614 2899 805 2964 occultemus
819 2919 933 2983 corpus

176 2982 212 3048 lu
228 2985 339 3062 mnis,
355 3007 428 3072 quse
445 2985 567 3050 Pontus
581 2985 671 3050 alluit
684 2985 775 3072 aquis
788 2983 889 3072 niger,

176 3065 293 3136 Procul
309 3093 327 3136 a
342 3093 433 3150 nave,
449 3093 489 3134 ne
504 3072 574 3158 quia
584 3071 750 3159 navigium
765 3071 963 3156 conspicatus
1038 3089 1044 3100 ·

174 3155 315 3242 llspibua
329 3157 425 3236 dicat,
440 3171 472 3222 et
485 3157 600 3223 deinde
655 3178 672 3221 r
685 3158 747 3222 rim
763 3157 981 3242 corripiamur.

175 3241 317 3319 Quando
331 3265 406 3308 vero
419 3245 539 3309 venerit
552 3265 660 3308 ocuua
676 3245 776 3308 noctis
789 3245 941 3320 obscurae,
1116 3253 1177 3310 110

175 3329 366 3394 Audendum
382 3331 440 3394 erit
453 3351 492 3394 ex
507 3329 627 3414 templo
641 3351 754 3416 capere
767 3328 898 3415 politam

177 3413 334 3494 Statuam,
349 3437 459 3480 omnes
473 3415 671 3480 admovendo
686 3416 857 3480 machinas·

176 3499 261 3566 Cura
274 3515 381 3566 antem
398 3502 437 3568 ait
451 3503 533 3567 inter
547 3501 586 3567 tri
611 3501 718 3588 lypha,
733 3524 773 3568 an
789 3501 903 3568 alicubi
918 3503 955 3566 sit
971 3501 1118 3578 vacaritas,

178 3585 225 3650 Co
287 3589 313 3652 ri
329 3587 528 3653 dimittendo.
553 3587 602 3652 La
645 3608 693 3653 res
708 3590 783 3654 enim
797 3589 858 3652 oiri
872 3586 965 3653 fortes

178 3673 206 3736 Α
251 3689 307 3738 snt
320 3675 437 3738 schim
459 3675 562 3758 ignavi
579 3695 653 3738 vero
668 3673 746 3738 nihil
762 3695 892 3760 usquam
908 3689 991 3738 aunt.

106 3771 168 3820 tu.
181 3755 325 3848 ngum
364 3759 468 3826 uidem
484 3761 544 3826 iter
558 3783 646 3824 remo
660 3761 813 3836 venimus,

181 3841 220 3908 Et
233 3867 274 3910 ex
289 3782 406 3911 fluidus
420 3845 555 3912 reditum
571 3845 789 3912 inchoabimus
804 3843 943 3912 iterum?

180 3931 369 3997 Sed-recte
381 3931 465 3998 enim
479 3933 806 4018 dixisti-parendum
822 3943 886 3998 eat:
909 3943 1035 4016 oportet
1048 3933 1104 4012 ire,

182 4013 244 4080 Ubi
258 4039 375 4104 corpus
389 4019 581 4084 occultantes
596 4018 757 4084 lateamus.

183 4099 278 4169 Hand
293 4105 376 4169 enim
393 4105 447 4170 liet
462 4105 526 4171 Dei
539 4103 722 4191 perfectum,
1117 4111 1178 4170 tao

185 4183 228 4252 Ut
242 4191 334 4256 cadat
347 4192 471 4256 irritum
486 4192 666 4257 oraculum:
690 4189 870 4256 audendum
886 4201 951 4256 est.-

185 4271 285 4341 Labor
300 4279 384 4342 enirn
401 4277 506 4344 nullus
515 4279 684 4363 juvenibus
700 4277 930 4344 excusationem
946 4277 1076 4362 praebet.
