2888 4856
425 187 675 258 HERCULES
698 189 894 260 FURENS.
1129 201 1193 264 000

199 364 288 446 Quid
311 361 405 429 feeit?
430 363 558 450 quando
571 361 697 430 reniet?
720 363 762 429 ob
782 377 921 432 wicram
943 377 1067 433 estatem
1088 379 1193 434 aetem

284 451 358 518 dece
380 449 416 528 ti,

199 471 514 622 Queruntppntrem:
535 559 552 600 e
610 559 684 602 vero
698 535 838 622 prolecto

200 621 314 688 Verbis
327 621 480 688 fabulans.
523 625 552 687 A
576 622 772 701 mironem,
788 623 916 710 quande

201 707 298 774 Fores
313 706 455 785 strident,
471 721 502 774 et
515 709 730 810 unusquisque
743 708 860 775 attollit
872 707 995 796 pedem,

203 793 251 860 Ut
264 795 305 859 sd
319 807 486 880 paternum
500 816 533 858 se
547 795 717 881 projecturi
729 816 825 882 gene.

202 879 298 946 Nunc
311 879 408 970 igitur
421 901 518 967 qoam
531 899 617 1032 egem
632 881 783 946 sutriam
798 880 906 946 salutis
1154 891 1197 950 80

204 965 242 1031 In
256 980 408 1054 promptu
422 965 527 1044 hebes,
590 967 710 1032 wnex?
734 965 775 1032 sd
790 981 822 1031 te
834 965 918 1032 enim
934 966 1075 1052 respicio.
1094 999 1107 1024 ο

204 1051 287 1116 Nam
302 1073 404 1137 neqm
417 1052 569 1117 terminos
582 1064 676 1118 terrae
689 1051 770 1116 elam
784 1051 891 1140 egredi
905 1073 1131 1138 possumus:-

204 1139 287 1207 Snnt
299 1137 382 1204 enim
398 1136 549 1204 custodite
564 1137 597 1202 in
611 1138 697 1204 exitu
710 1137 803 1203 nobis
817 1139 1009 1224 potentiores
1016 1161 1071 1206 t-

204 1221 317 1310 Neque
331 1224 362 1288 in
377 1223 485 1288 amicis
499 1245 569 1310 spes
583 1221 693 1290 salutis

205 1308 306 1376 Nobis
321 1308 523 1395 estamplius
569 1309 761 1376 Sententiam
775 1309 872 1398 igitur
885 1331 980 1396 qaam
993 1309 1100 1390 habea,

206 1397 243 1460 ln
256 1394 395 1461 medinm
408 1395 526 1481 profer,
541 1415 581 1460 ne
597 1417 681 1460 mors
695 1395 736 1460 ait
749 1395 895 1481 expedite
909 1396 1007 1475 nodis,

207 1481 269 1546 Sed
283 1494 406 1568 tempus
420 1480 631 1630 producamus
645 1482 810 1548 existentes
824 1481 951 1546 infirmi.

120 1587 182 1632 arr.
206 1566 238 1632 0
252 1565 326 1644 fllia,
341 1588 405 1630 non
433 1566 510 1632 acile
524 1577 566 1632 est
580 1565 654 1632 talia
667 1567 889 1634 deliberantem
904 1567 1073 1634 deoernere

206 1651 278 1718 Tan
301 1675 373 1718 narn
389 1651 468 1718 levia
482 1652 551 1718 sine
564 1651 776 1719 fluctuatione.

122 1675 300 1816 quuid
311 1737 446 1804 tristitioe
462 1737 518 1804 tibi
533 1737 644 1805 deest?
664 1752 720 1805 sut
732 1760 819 1804 ames
832 1753 996 1824 tantopere
1010 1738 1134 1806 lucem?
1158 1747 1201 1806 00

123 1825 417 1998 deidei&
431 1824 854 1996 iiiissi’riiffffmdemitn
869 1909 1034 1996 sperne
1050 1909 1084 1977 o
1097 1931 1201 1978 m

123 2017 183 2062 arr.
211 1996 250 2062 ln
264 1998 332 2083 ipse
346 2018 435 2062 mors
449 1997 558 2062 insunt
571 1933 891 2063 remediidmalorum.

125 2085 252 2148 senem
265 2095 388 2167 tempus
402 2083 609 2169 interjectum,
624 2105 696 2148 cum
711 2083 752 2148 sit
766 2083 863 2162 triste,
878 2081 1002 2148 mordet
1015 2103 1075 2148 me.

125 2189 185 2236 arr.
210 2167 317 2249 Forte,
332 2167 407 2250 filie,
422 2170 584 2256 eontingat
598 2168 753 2234 secundus
767 2189 876 2234 cursus

211 2253 261 2320 Ex
276 2255 481 2338 praesentibus
494 2255 585 2320 malis
600 2253 676 2320 mihi
691 2268 721 2320 et
735 2256 803 2332 tibi,

209 2343 259 2406 Ao
272 2341 377 2406 reniet
390 2340 560 2427 aliquando
573 2340 656 2407 filins
670 2363 768 2418 meus,
783 2355 856 2406 tuus
871 2341 1011 2406 maritus.

211 2425 330 2491 Verum
346 2428 470 2513 quiesce
483 2439 516 2492 et
527 2425 719 2512 lacrymosos
732 2426 904 2492 liberorum

211 2511 329 2578 Fontes
342 2512 429 2578 eufer
443 2525 475 2578 et
487 2513 567 2598 ipsos
580 2513 676 2578 delini
690 2513 803 2590 verbis,

213 2597 408 2664 Commentis
422 2597 532 2664 saliens
545 2599 687 2685 quamvis
701 2599 847 2664 miseram
861 2596 1089 2682 deeeptionem.
1145 2604 1207 2664 100

214 2683 378 2750 laborant
391 2685 475 2750 enim
489 2685 582 2750 etiam
597 2685 674 2770 ipsse
688 2685 867 2750 mortalium
884 2683 1087 2762 calamitates,

215 2769 258 2836 Et
274 2771 364 2836 fletus
378 2785 543 2835 ventorum
557 2791 660 2856 neque
674 2793 797 2858 semper
811 2767 908 2834 robur
922 2767 1050 2845 habent,

215 2857 258 2922 Et
272 2855 325 2943 qui
339 2854 442 2922 felices
455 2869 529 2922 aunt
543 2877 606 2922 non
622 2870 695 2922 sunt
708 2869 861 2944 perpetuo
874 2853 987 2932 felices,

215 2941 334 3008 Omnis
346 2942 430 3007 eninr
446 2965 465 3005 a
479 2942 658 3008 seinvicem
674 2943 706 3007 in
720 2943 845 3008 diverse
857 2939 983 3006 absunt.

219 3029 282 3094 Hie
295 3041 399 3093 autem
415 3050 434 3092 o
458 3029 552 3094 timus
567 3039 610 3094 est
625 3028 683 3108 vir,
699 3031 753 3116 qui
768 3029 834 3114 spei

218 3115 351 3200 Semper
364 3051 513 3180 contidit:
534 3127 568 3180 at
580 3113 755 3202 desperare,
769 3113 905 3179 hominis
919 3123 962 3178 est
976 3111 1091 3202 ignavi.

133 3223 210 3270 erto.
219 3199 270 3266 Ex
286 3200 366 3266 bene
379 3202 469 3266 tectis
483 3201 569 3265 striis

220 3285 264 3352 Et
276 3285 366 3351 senili
381 3286 472 3366 lecto,
488 3285 606 3354 baculis

220 3371 374 3450 Innitens,
388 3395 529 3461 egressrn
542 3395 612 3438 aum
628 3372 810 3458 lugubrium

219 3458 402 3524 Carminnm
416 3472 570 3542 cantator,
584 3473 620 3525 ut
634 3481 714 3524 eane
727 3462 802 3538 avis,

219 3544 327 3610 Verba
340 3559 462 3611 tanturn
478 3559 510 3612 et
523 3546 639 3632 species
653 3545 788 3612 obscura

221 3629 458 3696 Nocturnorum
475 3631 681 3709 somniorum,
700 3657 705 3666 ·

221 3715 374 3782 Tremula
388 3718 525 3804 quidem,
542 3717 595 3783 sed
611 3734 715 3784 tamen
729 3731 895 3803 prompta:

223 3801 260 3868 Io
273 3802 375 3882 liberi,
389 3802 480 3870 liberi
494 3821 584 3891 patre
597 3818 748 3882 ostentes,

223 3887 256 3953 Ο
269 3910 379 3966 senex,
390 3901 498 3976 tuque,
514 3905 614 3957 mater
628 3889 705 3956 infe·

223 3973 278 4052 lix,
293 3997 366 4061 quse
383 3975 527 4042 Plutonis
541 3979 573 4042 in
589 3977 701 4044 edibns
714 3989 859 4064 agentem

224 4060 377 4127 Martium
393 4061 556 4148 deploras!

224 4147 274 4211 Ne
287 4147 503 4234 defatigemini
518 4149 641 4236 pedem,

226 4231 270 4298 Et
283 4231 368 4302 lenta
383 4236 532 4314 membra,
548 4251 698 4324 tanquam
713 4235 754 4302 ed
770 4255 900 4301 sexeum
