2882 4858
653 257 978 328 EURIPIDIS

363 437 487 504 Cereris
501 437 694 500 succenseoti

363 523 540 592 Moerorem
555 521 683 586 eximite
696 521 811 597 sonitu,

366 611 409 676 Et
422 631 478 672 vos
493 608 619 694 hymnis
632 627 791 672 musarum
806 625 906 692 grex:

363 695 512 779 AErisque
527 715 634 757 vocem
650 693 896 768 subterraneam,
1054 729 1058 737 ι

363 782 595 868 Tympanaque
609 790 772 863 compacta
785 799 824 841 ex
841 775 959 841 bubula
974 776 1055 862 pelle
1069 778 1212 864 accipite

365 865 582 933 Pulcherrima
595 887 665 930 vero
679 879 755 929 tuno
768 865 905 950 primurn
922 865 1056 928 Deorum

366 953 449 1018 Risit
463 950 534 1015 Dea
550 950 657 1014 Venus

366 1039 408 1103 Et
422 1036 544 1121 accepit
558 1037 590 1100 in
605 1057 717 1100 manus
1279 1043 1349 1098 1850

364 1124 490 1188 'libiam
504 1122 642 1210 graviter
656 1135 818 1184 sonantem
1417 1129 1418 1132 ’

365 1209 530 1276 Delectata
539 1206 762 1272 modulatione.
1418 1236 1419 1324 p

365 1295 449 1372 Quoe
463 1313 566 1380 neque
579 1291 624 1358 fas
638 1314 740 1377 neque
754 1292 842 1376 pium
857 1301 932 1369 erat,
1224 1296 1297 1375 (ont.
1310 1289 1350 1368 2.)

366 1381 543 1446 Consecuta
556 1401 589 1442 es
603 1377 748 1443 thalamis
762 1376 871 1456 cruda,

366 1467 450 1531 Iram
465 1486 540 1529 vero
555 1463 713 1529 Incurristi
731 1483 855 1550 magnae
1419 1472 1420 1544 1

367 1551 491 1627 Matris,
509 1551 541 1613 Ο
556 1549 630 1625 lilia,
646 1549 799 1616 sacrificia

366 1639 440 1704 Non
454 1637 507 1723 pie
519 1635 636 1700 faciens
652 1635 734 1699 Diis.

367 1722 508 1789 Multum
525 1737 609 1787 certe
624 1733 755 1806 possunt
768 1719 970 1784 hinnulorum

367 1808 541 1874 Maculcsoe
554 1807 659 1893 pellea,

367 1895 411 1960 Et
425 1895 551 1960 hederae
564 1892 691 1958 frondea
705 1892 942 1958 circumvolare

369 1981 498 2046 Ferulae
511 1981 596 2044 circa
609 2001 721 2056 sacras,

367 2066 411 2132 Et
425 2065 631 2131 rhomborum
647 2065 838 2129 circumacta

366 2151 538 2216 Circularis
552 2151 709 2238 quassatio
723 2147 876 2225 sublimis,

368 2237 412 2304 Et
425 2237 581 2303 bacchans
592 2258 683 2301 coma
696 2235 915 2301 bacchantium

368 2323 411 2389 Et
424 2321 591 2410 priuilegIa
604 2323 696 2388 Deae.

367 2407 456 2474 Bene
470 2423 573 2474 autem
588 2409 706 2495 laqueis

367 2493 589 2559 Transvolavit
603 2492 688 2559 luna.

370 2579 610 2646 Pulchritudine
624 2579 725 2645 solum
740 2579 895 2670 gloriaris.

283 2685 361 2732 uua.
371 2668 532 2737 Quantum
548 2667 587 2730 ad
604 2687 653 2730 res
668 2665 894 2745 incusantium,
910 2664 989 2728 hene
1003 2678 1059 2741 est,
1076 2665 1109 2730 0
1122 2667 1248 2731 amicae

369 2753 453 2818 Nam
469 2752 576 2817 Protei
591 2751 655 2817 filia
669 2765 810 2816 nostrum
827 2751 935 2815 dolum
950 2749 1111 2836 adjuvans,
1279 2755 1345 2814 1³70

367 2838 420 2904 De
433 2859 504 2902 meo
519 2838 632 2903 marito
647 2850 803 2923 praesente
817 2838 1008 2924 interrogata
1024 2859 1044 2901 o
1050 2836 1164 2920 fratre,

368 2927 444 2988 Non
458 2923 543 2989 dixit
556 2924 662 2990 fratris
687 2923 853 2990 Mortuum
870 2945 945 2986 vero

370 3010 459 3074 Dicit
473 3031 538 3074 non
553 3011 584 3073 in
601 3023 684 3074 terra
698 3010 801 3074 lucem
816 3010 942 3086 intueri,
958 3011 990 3072 in
1004 3031 1105 3075 meam
1121 3011 1263 3098 gratiam.

370 3095 585 3160 Pulcherrima
602 3111 705 3161 autem
720 3096 853 3180 arripnit
867 3110 972 3159 mente
985 3097 1117 3160 maritus
1131 3097 1254 3162 omnia:

370 3181 453 3246 Nam
468 3203 566 3258 arma,
582 3204 654 3267 quoe
668 3182 841 3246 demissum
855 3202 939 3244 ernrn
955 3181 988 3244 in
1004 3202 1101 3258 mare,

370 3267 464 3346 Haec,
480 3268 618 3332 immissa
631 3267 759 3332 robusta
773 3289 868 3331 manu
884 3268 916 3330 in
931 3267 1010 3332 scuti
1025 3268 1236 3344 manubrIum,

370 3353 442 3437 lpse
456 3367 571 3437 portat,
586 3353 769 3440 hastamque
782 3353 893 3418 dextra
907 3353 1070 3439 corripuit,

370 3439 536 3525 Tanquam
546 3439 694 3504 dehrnoto
703 3439 964 3527 grataaexeqnirs
969 3440 1036 3524 jam
1044 3461 1166 3505 mecum
1172 3451 1348 3524 peracturos

370 3525 546 3590 Commode
559 3547 634 3589 vero
648 3547 763 3612 corpus
777 3526 816 3590 ad
832 3547 971 3614 pugnant
986 3527 1082 3592 arrnis
1095 3529 1253 3604 instntxit,

370 3609 418 3677 Ut
432 3612 472 3675 de
485 3611 627 3676 barbaria
641 3612 814 3677 innumeris
827 3611 969 3697 trophaea
982 3633 1078 3676 manu
1281 3613 1349 3674 1000

369 3697 554 3775 Erecturus,
569 3719 666 3784 quum
683 3721 792 3762 navem
807 3699 1025 3762 iutraverimns
1040 3699 1135 3762 remia
1150 3700 1332 3764 Instructam·

370 3782 484 3869 Peplos
499 3805 574 3848 vero
588 3801 716 3848 mutans
730 3804 790 3869 pro
805 3783 956 3870 naufraga
971 3799 1054 3847 veste

368 3869 440 3956 Ego
454 3869 555 3955 ipsum
570 3871 731 3946 exornavi,
747 3883 778 3935 et
791 3869 909 3934 balneis
923 3889 1037 3954 corpus
1051 3868 1115 3954 qiua

369 3955 463 4033 Dedi,
479 3978 547 4019 sera
561 3955 684 4020 lavacra
697 3955 830 4020 fluvialis
849 3956 939 4022 roris.

368 4039 432 4104 Sed
445 4043 606 4122 egreditur
618 4043 700 4106 enim
716 4065 734 4106 e
749 4043 844 4106 domo
858 4042 911 4128 qui
927 4063 1012 4106 meas

370 4123 507 4211 Nuptias
520 4141 645 4212 paratas
660 4151 693 4192 sc
708 4131 739 4191 in
758 4127 901 4192 manibus
914 4127 1031 4192 habere
1045 4140 1152 4210 putate

368 4211 551 4278 Tacendum
568 4225 612 4278 cat
626 4214 720 4278 mihi:
745 4212 795 4277 Te
809 4236 883 4278 vero
897 4213 1104 4294 obtestamur,

368 4297 570 4378 Benevolum,
586 4313 616 4363 et
632 4321 773 4386 premere
791 4312 869 4364 tuum
885 4323 931 4378 os,
948 4301 972 4364 si
988 4301 1154 4386 possimus,
