2794 4862
354 213 798 300 supportantis.
907 253 909 258 ,
1029 215 1121 288 '227

131 386 160 452 Si
172 405 239 448 vero
253 385 323 470 quis
336 383 513 461 hominum,
529 397 584 450 aut
598 385 730 450 deorum
746 399 778 450 te
792 391 915 452 servare
928 387 1014 465 velit,

131 472 253 556 Oportet
266 485 299 535 te
312 493 371 555 pro
387 471 491 556 priore
506 475 596 537 beata
610 471 767 622 superbio,

131 557 332 643 Expavescero
346 556 509 636 humilem,
524 575 556 624 et
571 559 636 624 occi
659 578 712 624 ere
726 557 887 624 ud'meum
900 582 995 648 gerru,

129 646 165 710 Et
176 663 295 709 verrere
309 665 413 708 meam
426 645 568 724 domum,
584 667 623 712 ex
638 645 739 710 aureis
857 711 861 718 ,

130 730 207 796 Vatis
218 730 451 819 dispergentem
459 731 598 801 Acheloi
614 739 729 810 rorem,

129 817 166 882 Et
184 839 220 882 co
264 839 380 895 oscere,
405 817 459 881 uhi
482 832 637 884 terrarum
659 819 720 883 sis:
755 817 825 883 hoec
849 819 933 883 euim
955 841 1021 884 nou
1043 831 1118 884 sunt

240 917 337 981 ector,

127 991 191 1055 Non
207 989 362 1066 Priamus,
379 1011 442 1053 non
458 1010 581 1066 aurum,
597 990 652 1055 sed
668 989 784 1056 Graeca
798 990 918 1056 civitas.

126 1076 169 1141 Eo
181 1099 253 1140 vero
268 1077 354 1140 venis
368 1075 520 1152 stultitiis,
535 1077 648 1141 misera
662 1091 708 1156 tu,
884 1085 887 1094 '
1057 1085 1117 1148 170

125 1162 199 1240 Quor
213 1184 286 1228 cum
301 1162 368 1227 filio
382 1163 490 1250 patris,
506 1162 559 1250 qui
575 1162 730 1228 interfecit
744 1175 834 1230 tuum
849 1165 1007 1243 maritum,

124 1249 224 1314 Audcs
238 1249 377 1314 dormire
390 1262 422 1314 et
436 1247 551 1314 liberos
565 1271 605 1314 ex
619 1249 819 1316 interfectore

126 1335 243 1401 Parere.
288 1333 367 1400 Telo
381 1347 424 1400 eet
438 1357 532 1401 omne
546 1335 744 1401 burhan'oum
758 1359 873 1421 genus:

124 1421 211 1487 Pater
224 1423 308 1487 enim
326 1421 409 1499 filiae,
425 1437 458 1487 et
471 1421 553 1486 fitius
568 1423 661 1488 matri
676 1425 833 1501 miscetur,

123 1509 275 1596 Sorurque
289 1507 389 1586 fratri,
404 1523 436 1572 et
450 1529 507 1594 per
521 1507 640 1586 academ
656 1509 831 1575 charissimi

122 1595 255 1673 Vadunt,
270 1595 431 1660 ethorum
447 1595 526 1660 nihil
541 1595 688 1680 prohibet
701 1596 767 1662 lex.

120 1681 198 1759 Quae
211 1703 253 1746 ne
267 1681 353 1766 apud
368 1701 425 1746 nos
437 1677 638 1747 introducas:
663 1703 729 1747 non
743 1683 826 1748 enim
842 1693 883 1748 est
897 1682 1065 1748 honestum

121 1769 225 1835 Unum
241 1769 342 1832 virum
357 1767 474 1833 habere
488 1768 627 1834 habenas
640 1767 775 1834 duarum
790 1769 967 1848 muliorum,

118 1855 177 1922 Sed
191 1856 316 1920 intuens
331 1855 363 1920 in
379 1877 473 1919 unam
488 1853 560 1920 lecti
575 1855 692 1919 sociam
708 1854 873 1932 Venerem,

118 1941 172 2008 Est
184 1953 361 2020 contentus,
379 1942 559 2028 quicunque
573 1963 637 2004 non
653 1941 720 2006 vult
733 1941 815 2006 mule
830 1939 982 2007 hahitare.
1058 1949 1115 2008 180

31 2049 105 2092 eso.
115 2028 273 2094 Invidiosa
287 2027 432 2114 quaedam
449 2049 498 2092 res
512 2041 559 2092 est
572 2025 774 2092 foeminarum
790 2051 892 2106 sexus,

115 2115 155 2180 Et
167 2137 212 2182 nu
235 2114 350 2179 tiorum
365 2115 458 2179 sociis
470 2111 583 2180 infesta
601 2116 736 2180 maxime
750 2136 884 2200 semper.

27 2221 108 2266 suu.
115 2201 201 2280 Heu,
212 2137 280 2265 heu
293 2199 300 2265 Ι

112 2287 266 2354 Maiores
280 2286 461 2351 hominibus
471 2288 629 2372 juventus,
646 2300 678 2351 et
692 2288 725 2351 in
734 2288 903 2375 juventute

110 2374 264 2462 Quisquis
279 2372 458 2438 mortalium
473 2374 656 2460 injustitiam
673 2373 778 2440 hahet.

110 2462 184 2549 Ego
198 2483 274 2525 vero
288 2472 406 2538 metuo,
421 2483 462 2524 ue
476 2459 561 2546 quod
617 2460 708 2525 otibi
722 2461 856 2526 servium
1026 2515 1030 2522 .

111 2545 258 2634 Repellat
271 2569 292 2612 u
304 2546 451 2629 dicendo,
465 2568 537 2612 cum
553 2545 596 2611 ha
700 2548 800 2612 muita
809 2549 894 2633 justa
908 2555 1096 2632 argumento,

108 2635 146 2701 Si
164 2657 242 2700 vero
260 2649 373 2698 contra
393 2633 508 2712 vicero,
531 2655 572 2698 ne
592 2646 723 2720 propter
740 2633 802 2698 hoo
823 2632 976 2716 accipiam
997 2631 1117 2716 aliquanti

194 2718 437 2785 detrimentum:

105 2807 176 2882 Qui
191 2807 276 2871 enim
292 2807 412 2892 spirant
425 2829 540 2890 mogus
554 2807 789 2891 prestantiores
803 2806 941 2872 rationes

102 2893 211 2981 AEgre
226 2891 332 2958 ferunt
345 2893 386 2958 ab
401 2891 620 2957 inferioribus:
1055 2897 1115 2958 190

101 2981 234 3044 Tamen
251 3001 317 3044 non
332 2978 501 3045 convincar
515 2978 654 3065 prodens
668 2978 829 3064 meipsam.

96 3067 180 3144 Dic,
198 3065 232 3132 Ο
241 3065 421 3153 juvencula,
437 3087 500 3167 quo
514 3079 546 3131 te
561 3066 653 3129 firma
664 3066 788 3130 ratione

95 3153 283 3218 Confidens
297 3176 318 3217 a
332 3152 479 3242 legitimis
494 3151 612 3238 nuptiis
628 3151 769 3238 repello?

93 3245 156 3305 An
174 3239 263 3327 quod
281 3239 421 3304 Lacaena
434 3239 553 3317 civitas,
572 3237 752 3325 Phrygibus
766 3237 895 3302 inferior
909 3251 965 3313 est,

90 3327 315 3414 Fortunaque
327 3347 452 3412 supero,
465 3347 579 3413 meque
592 3324 724 3390 liberam
741 3325 850 3390 vides?

89 3418 155 3478 An
166 3415 348 3500 juventute,
364 3427 396 3478 et
410 3412 438 3476 ν’
463 3413 527 3476 enti
541 3433 685 3496 corpore,

88 3501 144 3565 Et
160 3499 387 3588 magnitudine
400 3435 498 3574 uihis,
514 3511 546 3562 et
559 3497 668 3563 amicis
683 3497 774 3575 eluta,

83 3585 190 3650 Volo
206 3601 315 3651 tenere
328 3597 416 3651 tuam
430 3586 560 3650 domum
575 3606 635 3669 pro
650 3583 706 3650 te?

81 3673 241 3752 Utrum,
257 3685 294 3737 ut
307 3695 367 3758 ego
381 3693 442 3758 pro
456 3687 488 3736 te
501 3671 622 3758 pariam
637 3679 751 3756 pueros
790 3725 794 3732 .

75 3763 232 3837 Servos,
249 3759 390 3846 mihique
404 3761 549 3822 miseram
565 3755 797 3844 appendicem?
1051 3761 1115 3820 ‘200

68 3851 146 3915 An
165 3845 286 3932 aliquis
301 3867 388 3910 meos
401 3843 667 3929 liber-ospatietur
782 3845 784 3864 '

66 3931 236 4001 Phthire
252 3953 343 4018 reges
356 3953 434 4010 esse,
451 3931 478 3995 si
494 3945 529 3996 tu
543 3931 608 3994 non
624 3927 753 4014 purius?

59 4025 225 4089 Amant
239 4019 388 4082 nimirum
404 4039 456 4082 me
470 4017 589 4096 Graeci,
605 4031 637 4082 et
651 4027 781 4103 propter
800 4013 980 4088 Hectorem,
1107 4051 1108 4056 κ

53 4107 136 4176 Et
152 4107 233 4192 ipss
244 4125 304 4190 per
318 4127 369 4169 me
383 4105 528 4181 obscura,
542 4118 575 4168 et
589 4125 655 4169 non
669 4101 714 4168 fui
729 4101 840 4190 regins
854 4099 1029 4186 Phrygium.

56 4193 250 4264 Maritus
265 4191 333 4256 odit
346 4205 389 4269 te,
404 4213 470 4254 non
486 4205 618 4277 propter
632 4213 703 4255 men
716 4189 900 4274 pharmaca,
1020 4195 1025 4202 '

46 4279 163 4352 Sed
182 4278 265 4365 quia
279 4299 345 4343 non
359 4301 393 4344 es
405 4277 521 4343 idoneo
535 4279 575 4342 ud
589 4275 841 4342 conversandum
857 4295 925 4338 cum
939 4273 1015 4355 ipro.

541 4371 599 4446 92
