2824 4860
398 177 749 262 ‘onEsTus·
1078 203 1117 264 m

56 385 120 434 out
126 365 179 433 Ne
192 362 331 432 ostendit
342 363 469 452 quidem
483 365 620 446 oculum,
634 367 692 434 sed
703 367 823 434 bobeno
835 377 1030 455 sceptrorum

127 455 237 540 Spem,
251 451 370 517 ventus
382 463 430 517 est
443 473 566 518 servare
579 455 708 520 amicos.

129 537 196 606 Sed
209 539 268 624 eje,
279 549 317 604 ιιι
329 557 480 640 perimone
492 549 525 603 et
538 542 778 640 Agamemnone

130 624 295 691 Facientes
308 623 492 712 dignissime
504 644 686 692 monemur.

131 710 176 776 Et
188 733 249 798 ego
258 709 386 797 quidem
480 711 640 778 rositotem
654 709 816 777 ostendam
830 713 913 792 urbi,

133 796 262 862 Ferieos
297 795 383 860 ledio
420 817 512 883 epm:
534 807 567 862 te
580 811 686 864 eutem
700 807 810 864 contre
822 813 948 884 oportet

134 882 257 950 Similis
270 819 372 948 dcere
384 883 462 946 meis
475 882 567 948 ausis.
718 931 722 946 .

133 967 280 1056 Pylades,
295 980 331 1034 ιιι
344 979 411 1032 esto
425 968 517 1034 nobis
531 965 694 1034 occisionis
710 967 852 1052 Arbiter,

134 1053 178 1119 Et
191 1064 390 1120 mortuorum
404 1053 484 1118 bene
498 1073 667 1139 compones
681 1075 824 1140 corporo,
1042 1063 1128 1124 1000

132 1141 179 1206 Ει
190 1139 289 1225 sepeli
301 1139 395 1204 simul
407 1138 510 1206 ferens
524 1139 566 1205 ed
579 1139 676 1223 petris
689 1139 846 1206 tumulum

135 1225 179 1292 Et
192 1225 278 1290 valer
299 1247 380 1311 opus
393 1224 434 1290 od
449 1226 545 1304 enim,
560 1223 646 1288 vides
659 1238 705 1302 ιιι,
720 1225 810 1290 sedo.

60 1331 126 1378 mn.
135 1312 253 1378 Mane:
274 1311 337 1376 hoc
351 1312 433 1376 enim
472 1312 588 1376 riorum
602 1323 634 1375 te
647 1311 752 1396 culpo,

138 1397 172 1465 Si
186 1397 328 1484 sperasti,
343 1418 394 1463 me
406 1335 485 1463 velle
499 1397 602 1462 vivere
615 1409 647 1462 te
660 1409 796 1462 mortuo.

59 1503 128 1550 occ.
138 1483 301 1562 Quorsum
315 1485 398 1548 enim
414 1485 527 1549 attinet
538 1495 570 1552 te
584 1503 706 1548 mecum
720 1481 827 1547 mori?

59 1591 127 1636 ern.
140 1561 371 1672 lnt‘errogcsti?
391 1591 540 1654 quorsum
555 1589 632 1633 vero
645 1570 748 1634 vivere
762 1572 828 1634 sine
842 1581 896 1634 tun
910 1567 1071 1658 emicitio?

59 1677 130 1721 ons.
138 1656 213 1723 Non
228 1667 263 1722 tu
276 1654 458 1722 interfecisti
471 1668 558 1721 tuem
573 1665 715 1732 matrem,
731 1655 813 1720 sicut
825 1677 885 1742 ego
898 1657 1002 1722 miser.

60 1763 128 1808 ern.
139 1743 183 1808 Ar
196 1755 301 1814 tecum
315 1742 426 1819 nimuh
451 1755 483 1807 et
496 1739 565 1806 haeo
579 1763 630 1806 me
643 1741 709 1826 peti
722 1753 856 1827 oportet.

61 1849 134 1896 ont.
145 1827 258 1894 Redde
271 1841 361 1894 tuum
375 1849 490 1912 corpus
502 1827 596 1913 petri,
611 1847 677 1891 uon
691 1827 835 1892 morieris
849 1847 990 1893 mecum:
1013 1869 1016 1876 .

139 1913 215 1980 'libi
230 1913 509 1994 enimestoivitos,
525 1911 718 1978 mihioutom
733 1931 796 1977 non
806 1914 885 1998 jam,
1048 1917 1132 1984 1070

140 2001 185 2066 Et
197 1999 312 2065 domus
326 1999 424 2087 petris
438 2013 471 2065 et
484 2020 617 2100 magnus
632 2009 744 2083 portus
757 1998 947 2067 divitiorum.

139 2085 268 2172 Nuptiis
282 2099 385 2150 sutem
401 2084 493 2172 hujus
507 2107 630 2150 miserm
642 2082 806 2150 frustratus
820 2107 863 2162 es,

139 2172 249 2250 Quom
263 2171 418 2257 despondi
432 2173 500 2251 tibi,
514 2171 681 2236 amicitiem
696 2173 863 2247 reveritum
1066 2237 1071 2248 ,

141 2257 194 2323 Τιι
209 2269 314 2323 eutem
329 2257 463 2344 occipias
476 2257 569 2323 elium
584 2257 749 2344 conjugem
763 2256 804 2321 cd
818 2256 1056 2342 procreandum,

141 2343 290 2410 Affinites
299 2345 382 2408 enim
398 2366 468 2408 mee
481 2355 513 2408 et
527 2355 660 2408 tuanen
673 2342 808 2428 amplius
821 2357 878 2408 est.

144 2431 217 2508 Sed,
231 2427 264 2495 Ο
277 2427 481 2494 desiderabile
495 2449 609 2494 nomen
624 2451 703 2494 meae
716 2429 870 2507 amicitie,

142 2517 241 2593 Vele;
264 2515 427 2580 nonenim
442 2514 504 2580 hoo
518 2513 590 2579 licet
604 2513 704 2593 nobis,
719 2513 779 2579 tibi
792 2528 897 2580 temen
912 2514 1024 2588 licebit·

143 2601 226 2668 Nem
242 2601 360 2667 mortui
374 2601 535 2687 privemur
547 2601 674 2688 gaudio.

63 2709 132 2756 m
144 2687 286 2755 Multum
301 2709 377 2754 sone
390 2687 477 2754 obest
492 2699 528 2752 ιιι
541 2687 711 2774 assequaris
725 2708 828 2753 meum
843 2687 1018 2752 consilium.
1044 2729 1047 2737 ·
1068 2743 1071 2752 r

143 2774 257 2862 Neque
269 2774 454 2862 sanguinem
467 2794 572 2838 meum
587 2773 719 2858 occipiat
732 2772 820 2838 ferax
833 2784 927 2852 terre,
1053 2779 1136 2838 1080

144 2861 176 2926 N
216 2881 256 2926 ue
270 2859 454 2945 splendidus
468 2858 576 2936 estber,
591 2859 616 2923 si
630 2881 691 2946 ego
704 2871 735 2922 te
751 2879 890 2944 unquam
903 2858 1049 2944 prodens,

144 2947 187 3012 Et
212 2947 338 3011 ‘berane
351 2967 456 3022 meum
468 2949 586 3029 'cespiti
602 2943 743 3010 deseram
756 2957 798 3008 te.

145 3032 228 3098 Nom
244 3044 276 3096 et
289 3030 383 3096 simul
396 3030 538 3100 interfeci
550 3030 649 3112 illum,
663 3052 727 3095 non
742 3029 881 3117 negabo:

145 3117 188 3183 Et
200 3117 309 3204 omnic
322 3117 407 3182 suasi
420 3117 462 3183 ob
476 3137 547 3204 quoe
560 3129 596 3182 tu
610 3116 756 3182 tuncdcs
769 3135 890 3200 poenes.

144 3203 234 3293 Ergo
247 3216 280 3270 et
293 3202 387 3268 simul
402 3203 481 3268 mori
496 3225 547 3268 me
559 3215 683 3289 oportet
695 3199 799 3268 tecum
815 3213 934 3268 etcum
948 3201 1017 3267 boo.

146 3289 255 3354 Meam
269 3289 355 3355 enim
369 3287 465 3366 illem,
480 3289 531 3354 cui
546 3288 717 3378 spospoodi
730 3289 868 3374 nuptias,
1030 3283 1040 3306 ⁸

145 3375 264 3458 Judico
273 3376 461 3462 conjugem:
482 3374 567 3440 Nam
581 3374 658 3462 quid
674 3395 812 3460 unquam
827 3373 992 3440 honestum
1004 3373 1107 3440 dicem

146 3461 282 3528 Veniens
296 3461 330 3525 in
341 3459 544 3546 Delpbidem,
560 3482 661 3526 arcem
679 3460 897 3539 Phooensium,

148 3547 224 3626 Qui,
238 3547 421 3634 priusquam
435 3545 541 3612 essetis
554 3546 668 3624 miseri,
683 3545 758 3612 affui
771 3547 901 3625 amicus,

149 3633 326 3720 Nuucpon
339 3653 408 3697 sum
423 3633 543 3698 amicus
557 3631 614 3698 tibi
629 3630 768 3697 infelici?
1054 3637 1142 3696 1090

149 3718 222 3786 Νοιι
236 3731 294 3798 est,
310 3721 391 3804 qnod
403 3739 534 3796 excuser,
548 3717 604 3782 sed
617 3717 688 3784 haec
702 3718 824 3784 etmihi
839 3728 911 3784 sont
925 3735 1021 3782 curoe.

149 3805 210 3870 Sed
222 3817 390 3892 postquem
401 3822 508 3870 sumus
521 3803 677 3883 morituri,
689 3825 754 3869 uns
766 3805 920 3870 rationem

150 3889 305 3969 lueemos,
320 3889 482 3979 quomodo
496 3889 662 3956 Menelaus
676 3891 768 3954 simul
781 3891 991 3956 contristetur.

58 3975 181 4042 oeno
195 3977 388 4054 charissime,
403 3977 524 4043 ntiuom
538 3975 646 4041 videos
659 3976 720 4044 boc
735 3975 871 4042 moriar!
1061 4055 1063 4059 ι

56 4081 137 4128 m.
149 4061 330 4150 Obsequere
342 4063 449 4150 igitur,
465 4061 520 4128 sed
534 4060 625 4127 differ
637 4064 804 4129 sectionem
820 4061 911 4130 ensis.
971 4109 973 4114 .

57 4148 314 4228 onnDiffersm,
330 4149 357 4214 si
370 4150 486 4236 possim
502 4147 608 4214 ulcisci
623 4149 801 4214 inimicum.

55 4253 136 4301 m
148 4233 235 4303 Tace
248 4257 350 4303 nunc:
370 4235 445 4323 quia
459 4257 572 4321 perum
586 4235 682 4302 eredo
696 4231 887 4303 mulieribus.
