<?xml version="1.0" encoding="UTF-8"?>
<!DOCTYPE html PUBLIC "-//W3C//DTD XHTML 1.0 Transitional//EN"
    "http://www.w3.org/TR/xhtml1/DTD/xhtml1-transitional.dtd">
<html xmlns="http://www.w3.org/1999/xhtml" xml:lang="en" lang="en">
 <head>
  <title>
</title>
<meta http-equiv="Content-Type" content="text/html;charset=utf-8" />
  <meta name='ocr-system' content='tesseract 3.04.00' />
  <meta name='ocr-capabilities' content='ocr_page ocr_carea ocr_par ocr_line ocrx_word'/>
</head>
<body>
  <div class='ocr_page' id='page_1' title='image "./euripidistragoe00mattgoog/euripidistragoe00mattgoog_0339.png"; bbox 0 0 2862 4864; ppageno 0'>
   <div class='ocr_carea' id='block_1_1' title="bbox 251 187 1064 266">
    <p class='ocr_par' dir='ltr' id='par_1_1' title="bbox 251 187 1064 266">
     <span class='ocr_line' id='line_1_1' title="bbox 251 187 1064 266; baseline -0.002 0"><span class='ocrx_word' id='word_1_1' title='bbox 251 204 316 266; x_wconf 86' lang='lat' dir='ltr'>sss</span> <span class='ocrx_word' id='word_1_2' title='bbox 630 189 956 266; x_wconf 71' lang='lat' dir='ltr'>EURIPIDIS</span> <span class='ocrx_word' id='word_1_3' title='bbox 1056 187 1064 209; x_wconf 74' lang='lat'><em>¹</em></span> 
     </span>
    </p>
   </div>
   <div class='ocr_carea' id='block_1_2' title="bbox 337 368 1029 817">
    <p class='ocr_par' dir='ltr' id='par_1_2' title="bbox 337 368 757 439">
     <span class='ocr_line' id='line_1_2' title="bbox 337 368 757 439; baseline -0.002 0"><span class='ocrx_word' id='word_1_4' title='bbox 337 374 380 439; x_wconf 90' lang='lat' dir='ltr'>Et</span> <span class='ocrx_word' id='word_1_5' title='bbox 394 368 547 438; x_wconf 83' lang='lat' dir='ltr'>Titsnlrm</span> <span class='ocrx_word' id='word_1_6' title='bbox 562 373 686 436; x_wconf 83' lang='lat' dir='ltr'>varians</span> <span class='ocrx_word' id='word_1_7' title='bbox 701 372 757 438; x_wconf 90' lang='lat' dir='ltr'>sed</span> 
     </span>
    </p>

    <p class='ocr_par' dir='ltr' id='par_1_3' title="bbox 338 457 1029 817">
     <span class='ocr_line' id='line_1_3' title="bbox 338 457 932 547; baseline -0.007 -22"><span class='ocrx_word' id='word_1_8' title='bbox 338 459 530 547; x_wconf 81' lang='lat' dir='ltr'>Sanguinem</span> <span class='ocrx_word' id='word_1_9' title='bbox 545 457 730 523; x_wconf 74' lang='lat' dir='ltr'>stillantium</span> <span class='ocrx_word' id='word_1_10' title='bbox 746 457 932 534; x_wconf 86' lang='lat' dir='ltr'>luctuosam,</span> 
     </span>
     <span class='ocr_line' id='line_1_4' title="bbox 339 545 1021 630; baseline -0.003 -20"><span class='ocrx_word' id='word_1_11' title='bbox 339 547 513 630; x_wconf 87' lang='lat' dir='ltr'>Hospltum</span> <span class='ocrx_word' id='word_1_12' title='bbox 528 559 695 610; x_wconf 87' lang='lat' dir='ltr'>cruentans</span> <span class='ocrx_word' id='word_1_13' title='bbox 711 546 794 609; x_wconf 85' lang='lat' dir='ltr'>Aten</span> <span class='ocrx_word' id='word_1_14' title='bbox 811 546 908 629; x_wconf 87' lang='lat' dir='ltr'>(circa</span> <span class='ocrx_word' id='word_1_15' title='bbox 924 545 1021 625; x_wconf 82' lang='lat' dir='ltr'>Aras)</span> 
     </span>
     <span class='ocr_line' id='line_1_5' title="bbox 338 630 949 717; baseline -0.007 -21"><span class='ocrx_word' id='word_1_16' title='bbox 338 632 519 717; x_wconf 90' lang='lat' dir='ltr'>Vocemque</span> <span class='ocrx_word' id='word_1_17' title='bbox 529 631 713 716; x_wconf 78' lang='lat' dir='ltr'>ejulantium</span> <span class='ocrx_word' id='word_1_18' title='bbox 730 630 949 706; x_wconf 72' lang='lat' dir='ltr'>miserabilem,</span> 
     </span>
     <span class='ocr_line' id='line_1_6' title="bbox 339 716 1029 817; baseline -0.006 -35"><span class='ocrx_word' id='word_1_19' title='bbox 339 718 621 802; x_wconf 86' lang='lat' dir='ltr'>Emittentiumque</span> <span class='ocrx_word' id='word_1_20' title='bbox 635 717 812 817; x_wconf 66' lang='lat' dir='ltr'>lachrymas</span> <span class='ocrx_word' id='word_1_21' title='bbox 825 716 1029 780; x_wconf 83' lang='lat' dir='ltr'>miserabiles.</span> 
     </span>
    </p>
   </div>
   <div class='ocr_carea' id='block_1_3' title="bbox 252 801 1348 4330">
    <p class='ocr_par' dir='ltr' id='par_1_4' title="bbox 252 801 1348 4330">
     <span class='ocr_line' id='line_1_7' title="bbox 340 801 1096 889; baseline -0.003 -21"><span class='ocrx_word' id='word_1_22' title='bbox 340 805 433 868; x_wconf 89' lang='lat' dir='ltr'>Nunc</span> <span class='ocrx_word' id='word_1_23' title='bbox 448 825 523 868; x_wconf 89' lang='lat' dir='ltr'>vero</span> <span class='ocrx_word' id='word_1_24' title='bbox 536 803 663 867; x_wconf 87' lang='lat' dir='ltr'>illorum</span> <span class='ocrx_word' id='word_1_25' title='bbox 678 803 805 889; x_wconf 90' lang='lat' dir='ltr'>qmdem</span> <span class='ocrx_word' id='word_1_26' title='bbox 820 825 871 868; x_wconf 90' lang='lat' dir='ltr'>me</span> <span class='ocrx_word' id='word_1_27' title='bbox 884 805 963 866; x_wconf 73' lang='lat' dir='ltr'>nebit</span> <span class='ocrx_word' id='word_1_28' title='bbox 978 801 1096 866; x_wconf 83' lang='lat' dir='ltr'>oblivio</span> 
     </span>
     <span class='ocr_line' id='line_1_8' title="bbox 339 888 1339 977; baseline 0 -23"><span class='ocrx_word' id='word_1_29' title='bbox 339 889 440 954; x_wconf 92' lang='lat' dir='ltr'>Hunc</span> <span class='ocrx_word' id='word_1_30' title='bbox 454 911 528 954; x_wconf 90' lang='lat' dir='ltr'>vero</span> <span class='ocrx_word' id='word_1_31' title='bbox 543 891 639 977; x_wconf 88' lang='lat' dir='ltr'>Argis</span> <span class='ocrx_word' id='word_1_32' title='bbox 653 903 813 954; x_wconf 88' lang='lat' dir='ltr'>mortuum</span> <span class='ocrx_word' id='word_1_33' title='bbox 828 888 963 974; x_wconf 91' lang='lat' dir='ltr'>deploro</span> <span class='ocrx_word' id='word_1_34' title='bbox 1275 897 1339 954; x_wconf 75' lang='lat'>220</span> 
     </span>
     <span class='ocr_line' id='line_1_9' title="bbox 339 974 1173 1062; baseline -0.002 -22"><span class='ocrx_word' id='word_1_35' title='bbox 339 977 441 1040; x_wconf 85' lang='lat' dir='ltr'>Meum</span> <span class='ocrx_word' id='word_1_36' title='bbox 456 975 595 1055; x_wconf 89' lang='lat' dir='ltr'>fratrem,</span> <span class='ocrx_word' id='word_1_37' title='bbox 610 997 702 1062; x_wconf 89' lang='lat' dir='ltr'>quem</span> <span class='ocrx_word' id='word_1_38' title='bbox 718 974 831 1061; x_wconf 86' lang='lat' dir='ltr'>reliqui</span> <span class='ocrx_word' id='word_1_39' title='bbox 845 975 1012 1040; x_wconf 87' lang='lat' dir='ltr'>lactentem</span> <span class='ocrx_word' id='word_1_40' title='bbox 1026 975 1173 1060; x_wconf 85' lang='lat' dir='ltr'>squidem</span> 
     </span>
     <span class='ocr_line' id='line_1_10' title="bbox 338 1059 1224 1148; baseline -0.002 -20"><span class='ocrx_word' id='word_1_41' title='bbox 338 1060 452 1128; x_wconf 85' lang='lat' dir='ltr'>Adhuc</span> <span class='ocrx_word' id='word_1_42' title='bbox 468 1061 667 1140; x_wconf 80' lang='lat' dir='ltr'>infantulum,</span> <span class='ocrx_word' id='word_1_43' title='bbox 683 1060 787 1126; x_wconf 90' lang='lat' dir='ltr'>adhuc</span> <span class='ocrx_word' id='word_1_44' title='bbox 801 1061 960 1139; x_wconf 90' lang='lat' dir='ltr'>tenellum,</span> <span class='ocrx_word' id='word_1_45' title='bbox 977 1059 1081 1125; x_wconf 91' lang='lat' dir='ltr'>adhuc</span> <span class='ocrx_word' id='word_1_46' title='bbox 1093 1080 1224 1148; x_wconf 62' lang='lat' dir='ltr'>gumen</span> 
     </span>
     <span class='ocr_line' id='line_1_11' title="bbox 339 1147 1119 1234; baseline -0.001 -22"><span class='ocrx_word' id='word_1_47' title='bbox 339 1147 377 1212; x_wconf 90' lang='lat' dir='ltr'>ln</span> <span class='ocrx_word' id='word_1_48' title='bbox 392 1149 537 1214; x_wconf 83' lang='lat' dir='ltr'>manibus</span> <span class='ocrx_word' id='word_1_49' title='bbox 552 1149 661 1212; x_wconf 88' lang='lat' dir='ltr'>matris</span> <span class='ocrx_word' id='word_1_50' title='bbox 675 1148 714 1210; x_wconf 92' lang='lat' dir='ltr'>ad</span> <span class='ocrx_word' id='word_1_51' title='bbox 731 1159 923 1234; x_wconf 76' lang='lat' dir='ltr'>pectoraque</span> <span class='ocrx_word' id='word_1_52' title='bbox 933 1149 1119 1230; x_wconf 76' lang='lat' dir='ltr'>pendemem,</span> 
     </span>
     <span class='ocr_line' id='line_1_12' title="bbox 338 1232 845 1334; baseline -0.004 -35"><span class='ocrx_word' id='word_1_53' title='bbox 338 1235 433 1322; x_wconf 83' lang='lat' dir='ltr'>Argis</span> <span class='ocrx_word' id='word_1_54' title='bbox 446 1236 670 1334; x_wconf 84' lang='lat' dir='ltr'>sceptrigerum</span> <span class='ocrx_word' id='word_1_55' title='bbox 688 1232 845 1299; x_wconf 80' lang='lat' dir='ltr'><strong>Orestem.</strong></span> 
     </span>
     <span class='ocr_line' id='line_1_13' title="bbox 253 1321 964 1405; baseline -0.006 -18"><span class='ocrx_word' id='word_1_56' title='bbox 253 1322 434 1405; x_wconf 77' lang='lat' dir='ltr'>tuto.sltqui</span> <span class='ocrx_word' id='word_1_57' title='bbox 449 1321 500 1384; x_wconf 88' lang='lat' dir='ltr'>hic</span> <span class='ocrx_word' id='word_1_58' title='bbox 514 1321 693 1405; x_wconf 72' lang='lat' dir='ltr'>relinquens</span> <span class='ocrx_word' id='word_1_59' title='bbox 708 1321 795 1383; x_wconf 85' lang='lat' dir='ltr'>littus</span> <span class='ocrx_word' id='word_1_60' title='bbox 810 1321 964 1384; x_wconf 88' lang='lat' dir='ltr'>marinum</span> 
     </span>
     <span class='ocr_line' id='line_1_14' title="bbox 340 1405 1102 1492; baseline -0.004 -21"><span class='ocrx_word' id='word_1_61' title='bbox 340 1407 453 1471; x_wconf 82' lang='lat' dir='ltr'><strong>Pastor</strong></span> <span class='ocrx_word' id='word_1_62' title='bbox 467 1408 554 1471; x_wconf 81' lang='lat' dir='ltr'>venit</span> <span class='ocrx_word' id='word_1_63' title='bbox 567 1406 623 1471; x_wconf 90' lang='lat' dir='ltr'>tibi</span> <span class='ocrx_word' id='word_1_64' title='bbox 639 1405 872 1492; x_wconf 85' lang='lat' dir='ltr'>significaturus</span> <span class='ocrx_word' id='word_1_65' title='bbox 888 1406 1004 1492; x_wconf 89' lang='lat' dir='ltr'>aliquid</span> <span class='ocrx_word' id='word_1_66' title='bbox 1021 1407 1102 1470; x_wconf 82' lang='lat' dir='ltr'>novi.</span> 
     </span>
     <span class='ocr_line' id='line_1_15' title="bbox 252 1490 1163 1579; baseline -0.005 -19"><span class='ocrx_word' id='word_1_67' title='bbox 252 1515 305 1560; x_wconf 80' lang='lat' dir='ltr'>rs.</span> <span class='ocrx_word' id='word_1_68' title='bbox 337 1491 369 1558; x_wconf 96' lang='lat' dir='ltr'>O</span> <span class='ocrx_word' id='word_1_69' title='bbox 384 1491 448 1556; x_wconf 88' lang='lat' dir='ltr'>filia</span> <span class='ocrx_word' id='word_1_70' title='bbox 465 1493 721 1579; x_wconf 83' lang='lat' dir='ltr'><strong>Agamemnonis,</strong></span> <span class='ocrx_word' id='word_1_71' title='bbox 738 1505 769 1556; x_wconf 89' lang='lat' dir='ltr'>et</span> <span class='ocrx_word' id='word_1_72' title='bbox 785 1491 1036 1578; x_wconf 78' lang='lat' dir='ltr'>Clytaemnestrae</span> <span class='ocrx_word' id='word_1_73' title='bbox 1049 1490 1163 1577; x_wconf 83' lang='lat' dir='ltr'>proles,</span> 
     </span>
     <span class='ocr_line' id='line_1_16' title="bbox 339 1578 856 1644; baseline -0.006 0"><span class='ocrx_word' id='word_1_74' title='bbox 339 1579 426 1644; x_wconf 87' lang='lat' dir='ltr'>Audi</span> <span class='ocrx_word' id='word_1_75' title='bbox 442 1600 556 1644; x_wconf 85' lang='lat' dir='ltr'>novum</span> <span class='ocrx_word' id='word_1_76' title='bbox 572 1601 614 1642; x_wconf 86' lang='lat' dir='ltr'>ex</span> <span class='ocrx_word' id='word_1_77' title='bbox 629 1599 680 1642; x_wconf 91' lang='lat' dir='ltr'>me</span> <span class='ocrx_word' id='word_1_78' title='bbox 693 1578 856 1642; x_wconf 89' lang='lat' dir='ltr'>nuncium.</span> 
     </span>
     <span class='ocr_line' id='line_1_17' title="bbox 254 1661 1220 1750; baseline -0.002 -20"><span class='ocrx_word' id='word_1_79' title='bbox 254 1687 324 1731; x_wconf 76' lang='lat' dir='ltr'>arn.</span> <span class='ocrx_word' id='word_1_80' title='bbox 336 1664 425 1742; x_wconf 84' lang='lat' dir='ltr'>Quid</span> <span class='ocrx_word' id='word_1_81' title='bbox 439 1687 515 1730; x_wconf 87' lang='lat' dir='ltr'>vero</span> <span class='ocrx_word' id='word_1_82' title='bbox 529 1665 672 1750; x_wconf 87' lang='lat' dir='ltr'>estquod</span> <span class='ocrx_word' id='word_1_83' title='bbox 689 1685 740 1726; x_wconf 91' lang='lat' dir='ltr'>me</span> <span class='ocrx_word' id='word_1_84' title='bbox 753 1688 773 1728; x_wconf 87' lang='lat' dir='ltr'>a</span> <span class='ocrx_word' id='word_1_85' title='bbox 786 1665 933 1748; x_wconf 82' lang='lat' dir='ltr'>praesenti</span> <span class='ocrx_word' id='word_1_86' title='bbox 948 1664 1036 1729; x_wconf 90' lang='lat' dir='ltr'>luctu</span> <span class='ocrx_word' id='word_1_87' title='bbox 1050 1661 1220 1728; x_wconf 81' lang='lat' dir='ltr'>deturbat?</span> 
     </span>
     <span class='ocr_line' id='line_1_18' title="bbox 253 1750 1340 1836; baseline -0.001 -19"><span class='ocrx_word' id='word_1_88' title='bbox 253 1775 306 1817; x_wconf 80' lang='lat' dir='ltr'>ra.</span> <span class='ocrx_word' id='word_1_89' title='bbox 337 1750 501 1816; x_wconf 84' lang='lat' dir='ltr'>Venerunt</span> <span class='ocrx_word' id='word_1_90' title='bbox 516 1752 547 1814; x_wconf 89' lang='lat' dir='ltr'>in</span> <span class='ocrx_word' id='word_1_91' title='bbox 564 1765 678 1814; x_wconf 87' lang='lat' dir='ltr'>terram</span> <span class='ocrx_word' id='word_1_92' title='bbox 693 1763 915 1814; x_wconf 82' lang='lat' dir='ltr'>concurrentes</span> <span class='ocrx_word' id='word_1_93' title='bbox 931 1751 1073 1836; x_wconf 80' lang='lat' dir='ltr'>Cyaneos</span> <span class='ocrx_word' id='word_1_94' title='bbox 1275 1759 1340 1818; x_wconf 74' lang='lat'>230</span> 
     </span>
     <span class='ocr_line' id='line_1_19' title="bbox 339 1835 1047 1924; baseline -0.003 -22"><span class='ocrx_word' id='word_1_95' title='bbox 339 1837 421 1902; x_wconf 90' lang='lat' dir='ltr'>Navi</span> <span class='ocrx_word' id='word_1_96' title='bbox 435 1836 588 1924; x_wconf 83' lang='lat' dir='ltr'>fugientes</span> <span class='ocrx_word' id='word_1_97' title='bbox 602 1839 658 1901; x_wconf 81' lang='lat' dir='ltr'>huc</span> <span class='ocrx_word' id='word_1_98' title='bbox 670 1835 736 1900; x_wconf 92' lang='lat' dir='ltr'>duo</span> <span class='ocrx_word' id='word_1_99' title='bbox 750 1835 973 1916; x_wconf 82' lang='lat' dir='ltr'>adolescentes,</span> <span class='ocrx_word' id='word_1_100' title='bbox 1036 1911 1047 1920; x_wconf 39' lang='grc' dir='ltr'>ι</span> 
     </span>
     <span class='ocr_line' id='line_1_20' title="bbox 340 1922 908 2011; baseline -0.002 -24"><span class='ocrx_word' id='word_1_101' title='bbox 340 1924 419 1987; x_wconf 85' lang='lat' dir='ltr'>Deae</span> <span class='ocrx_word' id='word_1_102' title='bbox 432 1936 525 2011; x_wconf 88' lang='lat' dir='ltr'>grata</span> <span class='ocrx_word' id='word_1_103' title='bbox 536 1923 662 1987; x_wconf 87' lang='lat' dir='ltr'>victima</span> <span class='ocrx_word' id='word_1_104' title='bbox 676 1937 707 1986; x_wconf 89' lang='lat' dir='ltr'>et</span> <span class='ocrx_word' id='word_1_105' title='bbox 721 1922 908 1986; x_wconf 85' lang='lat' dir='ltr'>sacrificium</span> 
     </span>
     <span class='ocr_line' id='line_1_21' title="bbox 338 2008 1158 2097; baseline -0.001 -24"><span class='ocrx_word' id='word_1_106' title='bbox 338 2009 471 2074; x_wconf 85' lang='lat' dir='ltr'>Dianae:</span> <span class='ocrx_word' id='word_1_107' title='bbox 495 2031 610 2094; x_wconf 86' lang='lat' dir='ltr'>aquam</span> <span class='ocrx_word' id='word_1_108' title='bbox 624 2009 733 2097; x_wconf 80' lang='lat' dir='ltr'>igitur,</span> <span class='ocrx_word' id='word_1_109' title='bbox 747 2008 907 2073; x_wconf 77' lang='lat' dir='ltr'>lustralem</span> <span class='ocrx_word' id='word_1_110' title='bbox 921 2023 953 2073; x_wconf 88' lang='lat' dir='ltr'>et</span> <span class='ocrx_word' id='word_1_111' title='bbox 967 2008 1158 2074; x_wconf 72' lang='lat' dir='ltr'>initiationes</span> 
     </span>
     <span class='ocr_line' id='line_1_22' title="bbox 339 2093 915 2178; baseline -0.002 -19"><span class='ocrx_word' id='word_1_112' title='bbox 339 2095 446 2160; x_wconf 89' lang='lat' dir='ltr'>Debes</span> <span class='ocrx_word' id='word_1_113' title='bbox 461 2117 501 2158; x_wconf 90' lang='lat' dir='ltr'>ue</span> <span class='ocrx_word' id='word_1_114' title='bbox 516 2109 637 2158; x_wconf 87' lang='lat' dir='ltr'>mature</span> <span class='ocrx_word' id='word_1_115' title='bbox 652 2107 777 2178; x_wconf 85' lang='lat' dir='ltr'>paratas</span> <span class='ocrx_word' id='word_1_116' title='bbox 790 2093 915 2160; x_wconf 78' lang='lat' dir='ltr'>facere?</span> 
     </span>
     <span class='ocr_line' id='line_1_23' title="bbox 254 2179 1292 2267; baseline 0.001 -22"><span class='ocrx_word' id='word_1_117' title='bbox 254 2201 326 2245; x_wconf 78' lang='lat' dir='ltr'>tra.</span> <span class='ocrx_word' id='word_1_118' title='bbox 338 2181 466 2266; x_wconf 86' lang='lat' dir='ltr'>Cujates</span> <span class='ocrx_word' id='word_1_119' title='bbox 479 2180 570 2245; x_wconf 74' lang='lat' dir='ltr'>stent?</span> <span class='ocrx_word' id='word_1_120' title='bbox 591 2183 679 2267; x_wconf 88' lang='lat' dir='ltr'>cujus</span> <span class='ocrx_word' id='word_1_121' title='bbox 694 2194 787 2245; x_wconf 85' lang='lat' dir='ltr'>terrae</span> <span class='ocrx_word' id='word_1_122' title='bbox 800 2203 915 2245; x_wconf 89' lang='lat' dir='ltr'>nomen</span> <span class='ocrx_word' id='word_1_123' title='bbox 931 2179 1049 2245; x_wconf 89' lang='lat' dir='ltr'>habent</span> <span class='ocrx_word' id='word_1_124' title='bbox 1063 2180 1203 2264; x_wconf 76' lang='lat' dir='ltr'>hospites</span> <span class='ocrx_word' id='word_1_125' title='bbox 1216 2179 1292 2246; x_wconf 87' lang='lat' dir='ltr'>isti?</span> 
     </span>
     <span class='ocr_line' id='line_1_24' title="bbox 253 2265 1135 2345; baseline -0.003 -13"><span class='ocrx_word' id='word_1_126' title='bbox 253 2290 305 2332; x_wconf 85' lang='lat' dir='ltr'>ra.</span> <span class='ocrx_word' id='word_1_127' title='bbox 337 2266 455 2344; x_wconf 87' lang='lat' dir='ltr'>Graeci,</span> <span class='ocrx_word' id='word_1_128' title='bbox 472 2268 532 2331; x_wconf 86' lang='lat' dir='ltr'>hoc</span> <span class='ocrx_word' id='word_1_129' title='bbox 547 2289 645 2332; x_wconf 89' lang='lat' dir='ltr'>unum</span> <span class='ocrx_word' id='word_1_130' title='bbox 660 2273 783 2330; x_wconf 81' lang='lat' dir='ltr'>tantum</span> <span class='ocrx_word' id='word_1_131' title='bbox 800 2268 874 2345; x_wconf 92' lang='lat' dir='ltr'>scio,</span> <span class='ocrx_word' id='word_1_132' title='bbox 891 2280 922 2332; x_wconf 88' lang='lat' dir='ltr'>et</span> <span class='ocrx_word' id='word_1_133' title='bbox 936 2265 980 2328; x_wconf 89' lang='lat' dir='ltr'>nil</span> <span class='ocrx_word' id='word_1_134' title='bbox 995 2269 1135 2331; x_wconf 87' lang='lat' dir='ltr'>ulterius.</span> 
     </span>
     <span class='ocr_line' id='line_1_25' title="bbox 253 2351 1225 2439; baseline -0.001 -21"><span class='ocrx_word' id='word_1_135' title='bbox 253 2375 324 2418; x_wconf 78' lang='lat' dir='ltr'>reu.</span> <span class='ocrx_word' id='word_1_136' title='bbox 334 2353 388 2418; x_wconf 89' lang='lat' dir='ltr'>Ne</span> <span class='ocrx_word' id='word_1_137' title='bbox 402 2374 515 2417; x_wconf 92' lang='lat' dir='ltr'>nomen</span> <span class='ocrx_word' id='word_1_138' title='bbox 531 2353 660 2439; x_wconf 90' lang='lat' dir='ltr'>quidem</span> <span class='ocrx_word' id='word_1_139' title='bbox 674 2353 834 2438; x_wconf 88' lang='lat' dir='ltr'>hospitum</span> <span class='ocrx_word' id='word_1_140' title='bbox 848 2352 979 2417; x_wconf 89' lang='lat' dir='ltr'>audieus</span> <span class='ocrx_word' id='word_1_141' title='bbox 992 2352 1097 2417; x_wconf 83' lang='lat' dir='ltr'>dicere</span> <span class='ocrx_word' id='word_1_142' title='bbox 1111 2351 1225 2437; x_wconf 81' lang='lat' dir='ltr'>potes?</span> 
     </span>
     <span class='ocr_line' id='line_1_26' title="bbox 253 2438 973 2525; baseline -0.004 -20"><span class='ocrx_word' id='word_1_143' title='bbox 253 2461 303 2505; x_wconf 77' lang='lat' dir='ltr'>ra·</span> <span class='ocrx_word' id='word_1_144' title='bbox 338 2438 471 2525; x_wconf 73' lang='lat' dir='ltr'>Pylades</span> <span class='ocrx_word' id='word_1_145' title='bbox 485 2439 563 2503; x_wconf 87' lang='lat' dir='ltr'>alter</span> <span class='ocrx_word' id='word_1_146' title='bbox 577 2439 618 2502; x_wconf 89' lang='lat' dir='ltr'>ab</span> <span class='ocrx_word' id='word_1_147' title='bbox 633 2440 732 2504; x_wconf 87' lang='lat' dir='ltr'>altero</span> <span class='ocrx_word' id='word_1_148' title='bbox 746 2442 973 2525; x_wconf 80' lang='lat' dir='ltr'>appellabatur.</span> 
     </span>
     <span class='ocr_line' id='line_1_27' title="bbox 253 2523 1072 2611; baseline -0.004 -20"><span class='ocrx_word' id='word_1_149' title='bbox 253 2547 326 2591; x_wconf 81' lang='lat' dir='ltr'>Ira.</span> <span class='ocrx_word' id='word_1_150' title='bbox 338 2526 424 2591; x_wconf 91' lang='lat' dir='ltr'>Socii</span> <span class='ocrx_word' id='word_1_151' title='bbox 439 2546 512 2588; x_wconf 88' lang='lat' dir='ltr'>vero</span> <span class='ocrx_word' id='word_1_152' title='bbox 529 2525 660 2609; x_wconf 86' lang='lat' dir='ltr'>hospitis</span> <span class='ocrx_word' id='word_1_153' title='bbox 675 2526 834 2611; x_wconf 89' lang='lat' dir='ltr'>quodnam</span> <span class='ocrx_word' id='word_1_154' title='bbox 851 2539 917 2589; x_wconf 91' lang='lat' dir='ltr'>erat</span> <span class='ocrx_word' id='word_1_155' title='bbox 932 2523 1072 2589; x_wconf 82' lang='lat' dir='ltr'>nomen?</span> 
     </span>
     <span class='ocr_line' id='line_1_28' title="bbox 253 2609 1343 2687; baseline 0.002 -10"><span class='ocrx_word' id='word_1_156' title='bbox 253 2633 305 2677; x_wconf 79' lang='lat' dir='ltr'>rs.</span> <span class='ocrx_word' id='word_1_157' title='bbox 336 2611 452 2677; x_wconf 93' lang='lat' dir='ltr'>Nullus</span> <span class='ocrx_word' id='word_1_158' title='bbox 468 2609 528 2676; x_wconf 90' lang='lat' dir='ltr'>hoc</span> <span class='ocrx_word' id='word_1_159' title='bbox 543 2611 649 2687; x_wconf 79' lang='lat' dir='ltr'>novit3</span> <span class='ocrx_word' id='word_1_160' title='bbox 672 2633 736 2674; x_wconf 95' lang='lat' dir='ltr'>non</span> <span class='ocrx_word' id='word_1_161' title='bbox 752 2613 835 2674; x_wconf 90' lang='lat' dir='ltr'>enim</span> <span class='ocrx_word' id='word_1_162' title='bbox 852 2612 1038 2677; x_wconf 83' lang='lat' dir='ltr'>audivimus.</span> <span class='ocrx_word' id='word_1_163' title='bbox 1276 2621 1343 2680; x_wconf 74' lang='lat'>240</span> 
     </span>
     <span class='ocr_line' id='line_1_29' title="bbox 254 2697 1324 2785; baseline 0 -21"><span class='ocrx_word' id='word_1_164' title='bbox 254 2720 327 2764; x_wconf 79' lang='lat' dir='ltr'>ren.</span> <span class='ocrx_word' id='word_1_165' title='bbox 338 2697 510 2774; x_wconf 87' lang='lat' dir='ltr'>Quomodo</span> <span class='ocrx_word' id='word_1_166' title='bbox 523 2699 620 2785; x_wconf 87' lang='lat' dir='ltr'>igitur</span> <span class='ocrx_word' id='word_1_167' title='bbox 634 2697 732 2784; x_wconf 88' lang='lat' dir='ltr'>igitur</span> <span class='ocrx_word' id='word_1_168' title='bbox 745 2721 799 2763; x_wconf 88' lang='lat' dir='ltr'>eos</span> <span class='ocrx_word' id='word_1_169' title='bbox 815 2698 944 2777; x_wconf 88' lang='lat' dir='ltr'>vidistis,</span> <span class='ocrx_word' id='word_1_170' title='bbox 959 2713 992 2761; x_wconf 89' lang='lat' dir='ltr'>et</span> <span class='ocrx_word' id='word_1_171' title='bbox 1007 2699 1151 2762; x_wconf 83' lang='lat' dir='ltr'>inventos</span> <span class='ocrx_word' id='word_1_172' title='bbox 1166 2699 1324 2783; x_wconf 80' lang='lat' dir='ltr'>cepistis?</span> 
     </span>
     <span class='ocr_line' id='line_1_30' title="bbox 257 2783 981 2869; baseline -0.001 -21"><span class='ocrx_word' id='word_1_173' title='bbox 257 2806 308 2850; x_wconf 81' lang='lat' dir='ltr'>ea.</span> <span class='ocrx_word' id='word_1_174' title='bbox 340 2784 379 2848; x_wconf 94' lang='lat' dir='ltr'>ln</span> <span class='ocrx_word' id='word_1_175' title='bbox 393 2785 500 2850; x_wconf 88' lang='lat' dir='ltr'>littore</span> <span class='ocrx_word' id='word_1_176' title='bbox 514 2798 656 2849; x_wconf 84' lang='lat' dir='ltr'>extremo</span> <span class='ocrx_word' id='word_1_177' title='bbox 671 2784 866 2869; x_wconf 78' lang='lat' dir='ltr'>inhospitalis</span> <span class='ocrx_word' id='word_1_178' title='bbox 880 2783 981 2848; x_wconf 90' lang='lat' dir='ltr'>Ponti.</span> 
     </span>
     <span class='ocr_line' id='line_1_31' title="bbox 254 2869 1172 2956; baseline -0.002 -21"><span class='ocrx_word' id='word_1_179' title='bbox 254 2891 323 2936; x_wconf 77' lang='lat' dir='ltr'>reu.</span> <span class='ocrx_word' id='word_1_180' title='bbox 337 2870 380 2934; x_wconf 90' lang='lat' dir='ltr'>Et</span> <span class='ocrx_word' id='word_1_181' title='bbox 394 2871 479 2955; x_wconf 89' lang='lat' dir='ltr'>quod</span> <span class='ocrx_word' id='word_1_182' title='bbox 494 2893 566 2934; x_wconf 91' lang='lat' dir='ltr'>cum</span> <span class='ocrx_word' id='word_1_183' title='bbox 583 2871 660 2935; x_wconf 90' lang='lat' dir='ltr'>mari</span> <span class='ocrx_word' id='word_1_184' title='bbox 675 2871 852 2956; x_wconf 89' lang='lat' dir='ltr'>pastoribus</span> <span class='ocrx_word' id='word_1_185' title='bbox 867 2881 911 2934; x_wconf 85' lang='lat' dir='ltr'>est</span> <span class='ocrx_word' id='word_1_186' title='bbox 924 2869 1172 2934; x_wconf 83' lang='lat' dir='ltr'>commercium?</span> 
     </span>
     <span class='ocr_line' id='line_1_32' title="bbox 253 2956 1009 3023; baseline -0.007 0"><span class='ocrx_word' id='word_1_187' title='bbox 253 2980 306 3023; x_wconf 76' lang='lat' dir='ltr'>rs.</span> <span class='ocrx_word' id='word_1_188' title='bbox 336 2957 437 3020; x_wconf 85' lang='lat' dir='ltr'>Boves</span> <span class='ocrx_word' id='word_1_189' title='bbox 453 2957 627 3020; x_wconf 88' lang='lat' dir='ltr'>invenimus</span> <span class='ocrx_word' id='word_1_190' title='bbox 642 2957 774 3022; x_wconf 85' lang='lat' dir='ltr'>lavaturi</span> <span class='ocrx_word' id='word_1_191' title='bbox 789 2956 912 3020; x_wconf 90' lang='lat' dir='ltr'>marino</span> <span class='ocrx_word' id='word_1_192' title='bbox 926 2979 1009 3021; x_wconf 88' lang='lat' dir='ltr'>rore.</span> 
     </span>
     <span class='ocr_line' id='line_1_33' title="bbox 253 3042 1098 3129; baseline -0.002 -21"><span class='ocrx_word' id='word_1_193' title='bbox 253 3067 325 3110; x_wconf 79' lang='lat' dir='ltr'>Ira.</span> <span class='ocrx_word' id='word_1_194' title='bbox 336 3042 415 3107; x_wconf 91' lang='lat' dir='ltr'>Huc</span> <span class='ocrx_word' id='word_1_195' title='bbox 430 3043 525 3128; x_wconf 86' lang='lat' dir='ltr'>igitur</span> <span class='ocrx_word' id='word_1_196' title='bbox 539 3045 617 3120; x_wconf 89' lang='lat' dir='ltr'>redi,</span> <span class='ocrx_word' id='word_1_197' title='bbox 633 3043 793 3129; x_wconf 92' lang='lat' dir='ltr'>quomodo</span> <span class='ocrx_word' id='word_1_198' title='bbox 807 3065 860 3106; x_wconf 87' lang='lat' dir='ltr'>eos</span> <span class='ocrx_word' id='word_1_199' title='bbox 874 3043 959 3106; x_wconf 86' lang='lat' dir='ltr'>nacti</span> <span class='ocrx_word' id='word_1_200' title='bbox 973 3043 1098 3127; x_wconf 88' lang='lat' dir='ltr'>cepistis</span> 
     </span>
     <span class='ocr_line' id='line_1_34' title="bbox 341 3128 1018 3215; baseline 0 -23"><span class='ocrx_word' id='word_1_201' title='bbox 341 3128 382 3193; x_wconf 90' lang='lat' dir='ltr'>Et</span> <span class='ocrx_word' id='word_1_202' title='bbox 396 3131 481 3215; x_wconf 86' lang='lat' dir='ltr'>quali</span> <span class='ocrx_word' id='word_1_203' title='bbox 497 3128 615 3193; x_wconf 80' lang='lat' dir='ltr'>modo?</span> <span class='ocrx_word' id='word_1_204' title='bbox 637 3132 697 3192; x_wconf 85' lang='lat' dir='ltr'>lroc</span> <span class='ocrx_word' id='word_1_205' title='bbox 712 3129 797 3194; x_wconf 88' lang='lat' dir='ltr'>enim</span> <span class='ocrx_word' id='word_1_206' title='bbox 813 3129 893 3193; x_wconf 90' lang='lat' dir='ltr'>scire</span> <span class='ocrx_word' id='word_1_207' title='bbox 907 3129 1018 3212; x_wconf 82' lang='lat' dir='ltr'>cupio:</span> 
     </span>
     <span class='ocr_line' id='line_1_35' title="bbox 340 3214 1283 3302; baseline 0.002 -24"><span class='ocrx_word' id='word_1_208' title='bbox 340 3214 417 3278; x_wconf 89' lang='lat' dir='ltr'>Post</span> <span class='ocrx_word' id='word_1_209' title='bbox 432 3214 561 3302; x_wconf 89' lang='lat' dir='ltr'>longum</span> <span class='ocrx_word' id='word_1_210' title='bbox 577 3228 702 3301; x_wconf 89' lang='lat' dir='ltr'>tempus</span> <span class='ocrx_word' id='word_1_211' title='bbox 717 3215 801 3280; x_wconf 89' lang='lat' dir='ltr'>enim</span> <span class='ocrx_word' id='word_1_212' title='bbox 819 3218 874 3278; x_wconf 80' lang='lat' dir='ltr'>hnc</span> <span class='ocrx_word' id='word_1_213' title='bbox 888 3216 1034 3290; x_wconf 80' lang='lat' dir='ltr'>veniuut3</span> <span class='ocrx_word' id='word_1_214' title='bbox 1056 3233 1114 3280; x_wconf 85' lang='lat' dir='ltr'>nec</span> <span class='ocrx_word' id='word_1_215' title='bbox 1128 3235 1185 3278; x_wconf 75' lang='lat' dir='ltr'>ars</span> <span class='ocrx_word' id='word_1_216' title='bbox 1199 3214 1283 3280; x_wconf 74' lang='lat' dir='ltr'>Dee</span> 
     </span>
     <span class='ocr_line' id='line_1_36' title="bbox 339 3299 1007 3386; baseline -0.001 -21"><span class='ocrx_word' id='word_1_217' title='bbox 339 3299 451 3384; x_wconf 89' lang='lat' dir='ltr'>Nuper</span> <span class='ocrx_word' id='word_1_218' title='bbox 465 3299 638 3365; x_wconf 79' lang='lat' dir='ltr'>madefacta</span> <span class='ocrx_word' id='word_1_219' title='bbox 651 3313 698 3365; x_wconf 90' lang='lat' dir='ltr'>est</span> <span class='ocrx_word' id='word_1_220' title='bbox 713 3302 830 3366; x_wconf 80' lang='lat' dir='ltr'>Graeco</span> <span class='ocrx_word' id='word_1_221' title='bbox 844 3301 1007 3386; x_wconf 88' lang='lat' dir='ltr'>sanguine.</span> 
     </span>
     <span class='ocr_line' id='line_1_37' title="bbox 256 3385 1076 3488; baseline -0.001 -36"><span class='ocrx_word' id='word_1_222' title='bbox 256 3410 308 3455; x_wconf 80' lang='lat' dir='ltr'>rs.</span> <span class='ocrx_word' id='word_1_223' title='bbox 339 3387 509 3472; x_wconf 88' lang='lat' dir='ltr'>Postquam</span> <span class='ocrx_word' id='word_1_224' title='bbox 525 3387 564 3451; x_wconf 90' lang='lat' dir='ltr'>ad</span> <span class='ocrx_word' id='word_1_225' title='bbox 581 3387 761 3452; x_wconf 85' lang='lat' dir='ltr'>influentem</span> <span class='ocrx_word' id='word_1_226' title='bbox 777 3409 835 3474; x_wconf 87' lang='lat' dir='ltr'>per</span> <span class='ocrx_word' id='word_1_227' title='bbox 851 3385 1076 3488; x_wconf 71' lang='lat' dir='ltr'>Symplegades</span> 
     </span>
     <span class='ocr_line' id='line_1_38' title="bbox 339 3473 1348 3559; baseline -0.003 -21"><span class='ocrx_word' id='word_1_228' title='bbox 339 3473 477 3538; x_wconf 90' lang='lat' dir='ltr'>Pontum</span> <span class='ocrx_word' id='word_1_229' title='bbox 493 3473 587 3537; x_wconf 84' lang='lat' dir='ltr'>boves</span> <span class='ocrx_word' id='word_1_230' title='bbox 601 3473 793 3538; x_wconf 87' lang='lat' dir='ltr'>deduximus</span> <span class='ocrx_word' id='word_1_231' title='bbox 807 3473 981 3559; x_wconf 85' lang='lat' dir='ltr'>sylvrcolas‚</span> <span class='ocrx_word' id='word_1_232' title='bbox 1276 3483 1348 3544; x_wconf 73' lang='lat'>250</span> 
     </span>
     <span class='ocr_line' id='line_1_39' title="bbox 339 3558 1230 3646; baseline -0.002 -22"><span class='ocrx_word' id='word_1_233' title='bbox 339 3559 397 3625; x_wconf 86' lang='lat' dir='ltr'>Est</span> <span class='ocrx_word' id='word_1_234' title='bbox 410 3560 552 3646; x_wconf 74' lang='lat' dir='ltr'>quasdem</span> <span class='ocrx_word' id='word_1_235' title='bbox 566 3559 704 3644; x_wconf 90' lang='lat' dir='ltr'>abrupta</span> <span class='ocrx_word' id='word_1_236' title='bbox 717 3559 870 3624; x_wconf 89' lang='lat' dir='ltr'>fluctuum</span> <span class='ocrx_word' id='word_1_237' title='bbox 885 3558 1041 3645; x_wconf 83' lang='lat' dir='ltr'>frequenti</span> <span class='ocrx_word' id='word_1_238' title='bbox 1055 3558 1230 3645; x_wconf 76' lang='lat' dir='ltr'>agitatione</span> 
     </span>
     <span class='ocr_line' id='line_1_40' title="bbox 338 3645 1147 3731; baseline -0.001 -21"><span class='ocrx_word' id='word_1_239' title='bbox 338 3645 487 3710; x_wconf 87' lang='lat' dir='ltr'>Concava</span> <span class='ocrx_word' id='word_1_240' title='bbox 500 3645 660 3730; x_wconf 87' lang='lat' dir='ltr'>spelunca,</span> <span class='ocrx_word' id='word_1_241' title='bbox 675 3667 831 3730; x_wconf 89' lang='lat' dir='ltr'>purpuras</span> <span class='ocrx_word' id='word_1_242' title='bbox 845 3645 1040 3731; x_wconf 85' lang='lat' dir='ltr'>captantium</span> <span class='ocrx_word' id='word_1_243' title='bbox 1054 3655 1147 3710; x_wconf 86' lang='lat' dir='ltr'>tecta.</span> 
     </span>
     <span class='ocr_line' id='line_1_41' title="bbox 338 3731 937 3819; baseline 0 -23"><span class='ocrx_word' id='word_1_244' title='bbox 338 3733 401 3798; x_wconf 89' lang='lat' dir='ltr'>Hic</span> <span class='ocrx_word' id='word_1_245' title='bbox 415 3731 559 3819; x_wconf 88' lang='lat' dir='ltr'>geminos</span> <span class='ocrx_word' id='word_1_246' title='bbox 568 3733 700 3817; x_wconf 85' lang='lat' dir='ltr'>juvenes</span> <span class='ocrx_word' id='word_1_247' title='bbox 713 3732 792 3797; x_wconf 87' lang='lat' dir='ltr'>vidit</span> <span class='ocrx_word' id='word_1_248' title='bbox 807 3732 937 3818; x_wconf 86' lang='lat' dir='ltr'>quidam</span> 
     </span>
     <span class='ocr_line' id='line_1_42' title="bbox 337 3818 904 3896; baseline -0.004 -13"><span class='ocrx_word' id='word_1_249' title='bbox 337 3818 451 3884; x_wconf 90' lang='lat' dir='ltr'>Pastor</span> <span class='ocrx_word' id='word_1_250' title='bbox 467 3835 619 3896; x_wconf 90' lang='lat' dir='ltr'>nostrum,</span> <span class='ocrx_word' id='word_1_251' title='bbox 635 3833 667 3883; x_wconf 88' lang='lat' dir='ltr'>et</span> <span class='ocrx_word' id='word_1_252' title='bbox 681 3820 806 3884; x_wconf 88' lang='lat' dir='ltr'>recessit</span> <span class='ocrx_word' id='word_1_253' title='bbox 820 3833 904 3883; x_wconf 88' lang='lat' dir='ltr'>retro</span> 
     </span>
     <span class='ocr_line' id='line_1_43' title="bbox 338 3904 1060 3993; baseline -0.003 -25"><span class='ocrx_word' id='word_1_254' title='bbox 338 3905 476 3969; x_wconf 89' lang='lat' dir='ltr'>Summis</span> <span class='ocrx_word' id='word_1_255' title='bbox 488 3907 593 3988; x_wconf 81' lang='lat' dir='ltr'>pedum</span> <span class='ocrx_word' id='word_1_256' title='bbox 607 3905 716 3993; x_wconf 85' lang='lat' dir='ltr'>digitis</span> <span class='ocrx_word' id='word_1_257' title='bbox 730 3905 870 3990; x_wconf 89' lang='lat' dir='ltr'>relegens</span> <span class='ocrx_word' id='word_1_258' title='bbox 885 3904 1060 3986; x_wconf 82' lang='lat' dir='ltr'>vestigium.</span> 
     </span>
     <span class='ocr_line' id='line_1_44' title="bbox 337 3987 1060 4076; baseline -0.003 -22"><span class='ocrx_word' id='word_1_259' title='bbox 337 3989 380 4054; x_wconf 87' lang='lat' dir='ltr'>Et</span> <span class='ocrx_word' id='word_1_260' title='bbox 394 3991 492 4056; x_wconf 78' lang='lat' dir='ltr'>dixit:</span> <span class='ocrx_word' id='word_1_261' title='bbox 517 4011 581 4056; x_wconf 93' lang='lat' dir='ltr'>non</span> <span class='ocrx_word' id='word_1_262' title='bbox 597 3991 732 4056; x_wconf 81' lang='lat' dir='ltr'>vidctis?</span> <span class='ocrx_word' id='word_1_263' title='bbox 753 3987 915 4056; x_wconf 77' lang='lat' dir='ltr'>daemones</span> <span class='ocrx_word' id='word_1_264' title='bbox 930 3989 1060 4076; x_wconf 86' lang='lat' dir='ltr'>quidam</span> 
     </span>
     <span class='ocr_line' id='line_1_45' title="bbox 337 4074 1204 4164; baseline -0.002 -24"><span class='ocrx_word' id='word_1_265' title='bbox 337 4077 402 4140; x_wconf 84' lang='lat' dir='ltr'>Hic</span> <span class='ocrx_word' id='word_1_266' title='bbox 416 4077 526 4142; x_wconf 89' lang='lat' dir='ltr'>sedent</span> <span class='ocrx_word' id='word_1_267' title='bbox 540 4078 608 4142; x_wconf 77' lang='lat' dir='ltr'>istis</span> <span class='ocrx_word' id='word_1_268' title='bbox 631 4077 758 4164; x_wconf 89' lang='lat' dir='ltr'>quidam</span> <span class='ocrx_word' id='word_1_269' title='bbox 774 4100 851 4142; x_wconf 86' lang='lat' dir='ltr'>vero</span> <span class='ocrx_word' id='word_1_270' title='bbox 864 4078 905 4142; x_wconf 88' lang='lat' dir='ltr'>de</span> <span class='ocrx_word' id='word_1_271' title='bbox 920 4077 1010 4140; x_wconf 87' lang='lat' dir='ltr'>nobis</span> <span class='ocrx_word' id='word_1_272' title='bbox 1025 4074 1204 4162; x_wconf 84' lang='lat' dir='ltr'>religiosior</span> 
     </span>
     <span class='ocr_line' id='line_1_46' title="bbox 337 4161 955 4230; baseline 0 -4"><span class='ocrx_word' id='word_1_273' title='bbox 337 4161 472 4226; x_wconf 88' lang='lat' dir='ltr'>Sustulit</span> <span class='ocrx_word' id='word_1_274' title='bbox 487 4183 597 4228; x_wconf 88' lang='lat' dir='ltr'>manus</span> <span class='ocrx_word' id='word_1_275' title='bbox 610 4178 641 4229; x_wconf 89' lang='lat' dir='ltr'>et</span> <span class='ocrx_word' id='word_1_276' title='bbox 656 4163 798 4230; x_wconf 88' lang='lat' dir='ltr'>adoravit</span> <span class='ocrx_word' id='word_1_277' title='bbox 813 4165 955 4228; x_wconf 84' lang='lat' dir='ltr'>intuens:</span> 
     </span>
     <span class='ocr_line' id='line_1_47' title="bbox 336 4248 1148 4330; baseline 0.002 -18"><span class='ocrx_word' id='word_1_278' title='bbox 336 4248 369 4312; x_wconf 94' lang='lat'>0</span> <span class='ocrx_word' id='word_1_279' title='bbox 385 4248 515 4314; x_wconf 73' lang='lat' dir='ltr'>marinae</span> <span class='ocrx_word' id='word_1_280' title='bbox 530 4249 792 4330; x_wconf 75' lang='lat' dir='ltr'>Leucotheae&#39;lili,</span> <span class='ocrx_word' id='word_1_281' title='bbox 809 4251 940 4316; x_wconf 83' lang='lat' dir='ltr'>navibus</span> <span class='ocrx_word' id='word_1_282' title='bbox 952 4261 1068 4326; x_wconf 88' lang='lat' dir='ltr'>custos,</span> <span class='ocrx_word' id='word_1_283' title='bbox 1145 4274 1148 4287; x_wconf 92' lang='lat'>·</span> 
     </span>
    </p>
   </div>
   <div class='ocr_carea' id='block_1_4' title="bbox 0 0 1440 4864">
    <p class='ocr_par' dir='ltr' id='par_1_5' title="bbox 0 0 1440 4864">
     <span class='ocr_line' id='line_1_48' title="bbox 0 0 1440 4864; baseline 0 0"><span class='ocrx_word' id='word_1_284' title='bbox 0 0 1440 4864; x_wconf 95' lang='lat' dir='ltr'> </span> 
     </span>
    </p>
   </div>
  </div>
 </body>
</html>
