2854 4866
273 493 328 536 Au.

656 211 970 282 EURlPIDIS

361 382 496 448 Admeto
510 382 629 448 nudes?
650 385 794 470 excipere
806 381 968 469 hospites?
988 405 1066 454 uum
1079 385 1223 454 tinniet

359 473 413 535 An
428 471 454 532 si
468 492 510 534 ex
525 469 647 536 sedibus
659 469 762 556 ipsum
777 483 808 539 et
823 473 902 542 urbe
914 471 1104 556 expetissem

359 557 527 642 Hospitem
542 559 585 622 ud
597 580 643 620 me
656 556 844 642 proiectum,
857 559 958 642 magis
973 581 1025 626 me
1037 558 1207 628 tenderes?

359 643 434 707 Non
449 657 545 722 certe,
556 643 660 710 nihilo
672 645 757 710 enim
771 667 840 714 meo
851 645 1012 712 calamitas

360 729 472 794 Minor
485 729 585 808 fieret,
600 744 632 796 ct
645 753 705 817 ego
718 753 815 798 essem
831 730 1061 815 inhospitalior.

360 815 404 880 Et
418 815 459 879 nd
475 813 565 895 mole,
580 816 666 882 aliud
682 819 742 884 boc
755 821 917 884 accederet
932 817 1061 895 malum,

359 901 454 984 Quod
470 923 538 966 mee
553 903 666 970 domus
679 917 845 970 vocaretur
856 904 1065 988 inbomitnlis.

359 985 1097 1162 seruum
1297 1087 1367 1144 n

274 1160 528 1237 cuo.Quomodo
544 1163 641 1245 igitur
654 1163 762 1228 celesti
775 1177 962 1249 presentem
977 1162 1197 1241 mlemiteoem,

274 1353 330 1396 An.

360 1247 442 1311 Cum
459 1247 506 1310 vir
520 1247 637 1312 amicus
651 1250 781 1326 venerit,
795 1248 875 1316 sicut
890 1264 923 1314 tu
939 1248 1043 1316 elicis?

361 1332 533 1420 Nunquam
547 1336 695 1402 voluisset
708 1336 827 1400 intrare
839 1359 934 1400 meam
947 1336 1089 1414 domimi,

360 1419 396 1486 Si
410 1419 495 1505 quod
509 1442 652 1485 meorum
666 1423 839 1488 rescivisset
851 1421 1018 1488 melorum.

360 1509 468 1590 Atque
475 1505 550 1570 huic
559 1506 697 1593 quidem,
709 1509 823 1593 opinor
832 1511 901 1573 naee
909 1509 1034 1586 faciens,
1046 1531 1154 1596 sapere
1159 1530 1227 1574 nou
1235 1507 1364 1585 videor,

360 1591 473 1692 Neque
486 1591 629 1660 laudabit
642 1613 710 1658 me:
733 1617 803 1660 mes
816 1610 921 1660 nutem
936 1617 1001 1660 non
1015 1597 1118 1660 scium

360 1678 453 1742 Attus
467 1678 618 1763 repellere
631 1701 733 1768 neque
742 1695 942 1746 contemnere
955 1681 1107 1768 hospites.

273 1764 390 1831 cuno
405 1764 576 1830 multorum
592 1765 717 1852 bospite
730 1781 762 1832 et
777 1767 913 1833 liberulis
1230 1773 1300 1850 (sir.
1319 1771 1365 1850 1.)

360 1851 430 1918 Viri
443 1873 565 1940 semper
578 1853 701 1928 domus,
760 1909 763 1914 .

359 1936 410 2001 Te
423 1961 550 2024 quoque
567 1939 698 2026 Pythius
711 1941 815 2006 bonius
827 1941 906 2028 lyrae
921 1941 1068 2029 magister
1083 1939 1204 2026 Apollo
1296 1949 1363 2008 590

359 2023 520 2111 Dignatus
533 2039 580 2092 est
596 2027 747 2104 habiture,

360 2109 403 2174 Et
418 2111 563 2174 sustinuit
577 2111 676 2196 opilio
691 2113 751 2176 tuis

359 2196 396 2262 lu
413 2195 558 2264 domibus
571 2197 651 2272 fieri,

361 2282 424 2347 Per
438 2281 582 2370 obliquos
596 2284 691 2350 colles

361 2367 488 2434 Cenem
502 2371 564 2436 tuis
578 2371 751 2456 pecudibus

360 2454 536 2520 Pastorsles
549 2456 741 2544 hymenaeos.

360 2540 405 2607 Et
418 2542 510 2624 simul
524 2543 733 2628 pascebantur
747 2544 956 2612 oblectatione
972 2546 1085 2610 carmi-
1217 2549 1299 2628 (urst.
1318 2547 1361 2626 1.)

359 2651 436 2696 uum
453 2628 621 2694 meculosoe
636 2631 754 2717 lynces,

359 2715 420 2780 lvit
435 2731 539 2782 sutem
554 2717 699 2804 linquens
714 2717 873 2805 Otlrryum
887 2717 999 2782 saltum
1014 2716 1141 2782 leonum

361 2800 461 2866 Fulvo
475 2801 604 2868 cohors:
1294 2813 1362 2872 6⁰⁰

361 2887 495 2956 Ssltevit
509 2903 615 2956 sutem
629 2890 712 2956 circs
726 2905 814 2956 tunm
827 2887 993 2968 rithmum,¹

360 2974 394 3041 0
410 2973 540 3052 Phene,
557 2977 898 3062 seriorilloprmditns

359 3059 525 3126 ‘Hinuulus
538 3084 634 3147 supro
648 3061 811 3128 alticomns

360 3147 490 3216 Abietes
502 3148 616 3214 saliens
629 3148 689 3214 leri
703 3149 794 3234 pede,

361 3235 511 3300 Geudens
525 3233 599 3300 laeto
612 3235 761 3300 camnine.

304 3317 310 3328 “
361 3320 450 3408 Ergo
463 3319 573 3386 ovibus
586 3321 770 3386 ditissimum
1228 3325 1302 3406 (εῖτ.
1316 3322 1362 3403 2)

358 3407 503 3473 Domum
519 3405 640 3474 babitus
654 3408 738 3474 circs
752 3403 971 3494 pulchrifluum

359 3491 508 3560 Boebism
524 3490 689 3578 paludem
711 3497 855 3582 arvisque
866 3507 984 3560 terrem

358 3581 404 3646 Et
417 3601 601 3666 camporum
617 3579 685 3645 solo
699 3580 779 3646 fines

360 3667 455 3734 Circa
465 3666 540 3734 solis
549 3665 715 3734 occiduum
1298 3675 1361 3734 610

360 3755 536 3821 Stationem
548 3753 666 3820 coelum

360 3841 575 3910 Molossorum
588 3839 695 3921 hebet,

359 3927 403 3994 Et
418 3928 574 3994 murinum
589 3925 750 4015 AEgseons
762 3926 802 3992 sd
817 3926 906 3991 linus

358 4015 596 4100 importuosum
615 4013 692 4078 Pelii
707 4027 792 4078 tenet
806 4011 953 4098 imperio.

358 4100 403 4168 Et
417 4123 512 4178 nunc,
527 4101 670 4187 aperiens
683 4100 825 4177 domum,
1216 4097 1301 4180 (m.
1315 4099 1359 4177 9.)

358 4187 507 4274 Accipiet
519 4187 675 4273 hospitem
689 4185 828 4251 humidis
893 4183 1006 4270 pebris,

246 4276 248 4286 '
359 4275 496 4344 Plorsns
509 4273 617 4340 chsroe
630 4273 774 4363 conjugis
869 4271 970 4336 verin
