2852 4862
263 245 326 302 4⁵6
653 233 964 304 EURIPIDIS

351 408 423 475 Rex
436 410 520 474 enim
534 431 656 474 sursum
670 411 817 476 deorum
831 421 955 475 vertens
968 409 1082 474 invasit

351 495 448 561 Hanc
462 495 592 560 domum
607 496 751 562 Bacchus
765 497 852 562 Joris
866 495 960 562 filius.
1282 504 1336 562 560

263 603 335 649 nnc.
349 581 500 647 Barbaroe
514 582 668 660 mulieres,
683 584 803 649 adeone
816 595 1024 648 consternatae
1040 595 1125 647 metu

350 668 403 733 Ad
417 668 517 734 solum
532 669 708 735 cecidistis?
727 691 814 756 oegre
827 669 951 746 tulistis,
967 683 1003 733 ut
1018 669 1150 745 ridetur,
1168 668 1294 738 Baccho

350 754 557 820 Concutiente
570 755 701 821 domum
719 755 868 821 Penthei:
892 756 948 822 sed
963 755 1062 820 toilite

350 842 485 926 Corpus,
511 854 542 907 et
566 843 706 906 animum
733 844 854 923 sumite,
880 842 1023 907 membra
1046 865 1066 906 a
1091 847 1230 907 tmntore
1254 863 1337 908 rern-

435 943 550 992 cantes.

266 1013 381 1083 cno.O
394 1012 500 1079 lumen
517 1013 608 1079 nobis
624 1015 796 1079 maximum
813 1014 960 1079 Bacchici
974 1013 1100 1094 furoris,

350 1099 396 1167 Ut
403 1099 504 1164 libens
514 1113 545 1165 te
553 1101 625 1181 vidi,
635 1123 706 1166 curn
715 1102 803 1186 prius
813 1101 961 1166 haberem
972 1101 1125 1164 desertam
1135 1100 1337 1166 solitudinem.

263 1207 336 1254 nnc.
348 1187 514 1252 Veneratis
528 1188 560 1249 in
577 1186 834 1272 desperationem,
851 1187 979 1273 quando
994 1187 1078 1251 intus
1093 1186 1241 1252 mittebar

351 1273 519 1359 Tanquam
535 1275 567 1335 in
583 1287 684 1337 atrum
701 1295 856 1338 carcerem
874 1273 1008 1339 Penthei
1022 1287 1180 1337 venturus.

263 1381 339 1426 cuo.
350 1359 520 1437 Quomodo
542 1357 630 1423 non?
653 1359 733 1437 Quis
756 1360 833 1424 mihi
855 1360 939 1423 enirn
961 1373 1039 1439 erat,
1062 1360 1088 1423 si
1110 1359 1167 1424 tibi
1190 1359 1265 1424 maii
1286 1358 1339 1424 stt·

231 1457 236 1474 ‘
334 1471 339 1480 ¹
433 1444 509 1531 quid
524 1445 708 1511 accidisset?

348 1531 410 1596 Sed
421 1531 740 1617 quomodoliberatus
749 1555 792 1610 es,
804 1531 835 1596 in
845 1533 946 1596 virum
959 1533 1090 1616 impium
1103 1529 1269 1598 incidens?
1280 1539 1338 1600 ⁵7⁰

260 1639 335 1684 nac.
348 1619 421 1703 Ipse
435 1620 586 1703 meipsum
602 1618 729 1683 liberavi
743 1617 833 1684 facile
847 1619 914 1682 sine
928 1618 1045 1682 labore.

262 1705 377 1772 cunN
417 1726 455 1768 ue
470 1703 579 1790 ligavit
592 1716 677 1769 tuam
692 1727 820 1769 manum
837 1705 869 1768 in
886 1703 1045 1770 vinculis?

260 1813 334 1858 unc.
346 1792 383 1856 In
409 1791 445 1854 ris
460 1791 553 1854 etiam
569 1791 646 1854 elusi
661 1814 743 1868 eum,
783 1794 834 1854 uia
849 1792 948 1878 ligure
961 1812 1012 1854 me
1025 1803 1150 1875 putans,

346 1877 459 1964 Neque
472 1877 587 1964 attigit,
603 1899 706 1965 neque
719 1814 887 1965 prdirendit
900 1899 969 1956 nos,
985 1879 1039 1942 scd
1056 1877 1246 1962 pascebatur
1258 1875 1341 1940 boni

345 1985 511 2199 Ιηνειέἱίιε
533 2049 615 2114 enirn
638 2061 764 2114 taurum
786 2049 827 2114 ad
849 2051 1012 2136 praesepia,
1034 2050 1089 2114 ubi
1110 2049 1265 2116 conclusit
1286 2069 1341 2114 nor

454 2157 491 2199 uc
506 2157 553 2210 os,

345 2221 432 2285 Huic
446 2221 554 2306 injecit
568 2220 696 2306 laqueos
711 2221 751 2286 nd
765 2243 870 2308 genua
883 2236 915 2287 et
928 2222 1063 2310 ungulas
1077 2223 1204 2307 pedum,

343 2307 546 2372 Iracundiam
562 2307 693 2392 spirans,
709 2320 740 2373 et
755 2307 901 2372 sudorem
916 2332 937 2372 a
950 2331 1082 2394 corpore
1095 2308 1227 2387 stillans,

256 2459 259 2466 ,
344 2392 459 2458 Labris
474 2393 551 2456 dans
566 2393 693 2458 dentes:
717 2417 734 2457 e
757 2417 777 2457 o
791 2417 866 2459 vero
879 2416 1029 2480 praesens,

344 2478 480 2555 Quietus
495 2478 615 2556 sedens,
631 2417 820 2564 spectagam.
865 2481 993 2546 Interea
1005 2503 1080 2546 vero
1094 2483 1247 2565 temporit

247 2585 253 2594 ’
344 2564 514 2632 Concussit
528 2565 653 2629 veniens
669 2565 812 2631 Bacchus
826 2566 956 2631 domum
979 2581 1010 2632 et
1025 2571 1057 2632 r'n
1073 2571 1182 2632 matris
1195 2567 1339 2654 sepulcro

343 2650 454 2742 Ignem
479 2651 638 2717 accendit:
660 2650 713 2718 hic
730 2675 804 2717 vero
828 2665 864 2717 ut
887 2652 966 2718 vidit
987 2656 1051 2731 noc,
1074 2653 1207 2720 domum
1232 2657 1341 2720 ardere

450 2753 524 2803 utan
1323 2748 1336 2806 I

342 2759 483 2890 Saltni'rat
496 2761 570 2903 hd'e,
584 2837 615 2888 et
630 2823 713 2902 illuc,
729 2824 853 2890 famulis
867 2849 981 2928 aquam
997 2828 1079 2891 ferre
1279 2750 1318 2807 ⁵8

342 2911 515 2996 Imperans,
540 2933 649 2974 omnes
671 2923 775 2975 autern
799 2915 878 2977 servi
902 2935 934 2976 ru
961 2935 1057 2999 opere
1077 2925 1170 2978 erent
1196 2913 1340 3000 occupari

428 3001 547 3062 frustra
560 2996 758 3061 laborantesr

342 3083 501 3148 Omittens
516 3105 589 3146 vero
606 3084 689 3147 hunc
705 3083 852 3160 laborem,
869 3097 1018 3172 tanquam
1034 3107 1086 3150 me
1099 3084 1219 3173 elapso,

343 3169 467 3246 Fertur,
483 3169 624 3248 cladium
641 3185 742 3233 atrum
757 3172 891 3254 rapiens,
908 3171 990 3236 intra
1005 3173 1147 3238 domum.

342 3255 468 3320 Deinde
484 3254 643 3335 Bromius,
660 3269 693 3321 ut
707 3255 786 3320 mihi
800 3257 900 3320 visum
917 3271 974 3338 est,
989 3259 1173 3344 opinionem
1188 3261 1273 3339 dico,

342 3341 430 3406 Fecit
446 3341 572 3428 igneum
587 3355 744 3427 spectrum
760 3341 794 3406 in
808 3343 898 3408 aulas
920 3344 952 3407 in
968 3347 1052 3430 quod
1069 3366 1163 3410 ruens
1179 3346 1342 3412 Pentheus

340 3427 500 3577 Insilipbat
515 3441 548 3492 et
561 3428 723 3517 pungebat
745 3428 860 3494 claram
882 3429 984 3494 lucem
1000 3445 1161 3518 tanquam,
1177 3455 1229 3498 me
1244 3435 1343 3522 jugo-

441 3537 506 3578 ans.

340 3598 460 3665 Proeter
473 3623 548 3664 vero
563 3601 632 3665 haec
647 3602 749 3685 ipsum
764 3601 909 3666 Bacchus
925 3601 973 3666 his
988 3604 1084 3668 etiam
1100 3603 1230 3693 affligit:

339 3685 588 3788 Domumeuim
603 3687 777 3790 disruptam
792 3688 905 3774 dejecit
927 3688 1032 3754 humi:
1054 3703 1185 3777 totaque
1204 3693 1344 3759 contrita

424 3789 496 3837 esta
532 3795 541 3836 r
864 3777 875 3804 ‘
1276 3791 1343 3848 590

339 3795 551 3925 Αοεώἰεείξιξα
579 3861 732 3944 spectanti
758 3861 883 3926 vincula
911 3883 997 3928 mear
1020 3883 1089 3948 pne
1114 3863 1344 3954 defuu'gntiooe
1423 3922 1424 3944 1

423 3968 507 4022 vero,

337 4029 478 4096 Dimisso
492 4031 609 4120 gladio,
623 4032 744 4097 solutus
763 4033 899 4122 languet.
946 4034 1106 4101 Adversus
1121 4036 1230 4102 Deum
1244 4037 1343 4119 enim,

423 4119 486 4199 ipre
499 4123 635 4183 existens
648 4119 754 4196 homo,

337 4200 377 4266 In
402 4222 541 4351 ppgnam
563 4207 669 4270 venire
691 4229 783 4271 ausus
805 4220 889 4273 erat:
912 4231 972 4295 ego
991 4231 1066 4274 vero
1089 4207 1175 4276 illico
1199 4209 1344 4276 Bsoetn

446 4310 571 4354 ucense
629 4307 633 4314 '
