2774 4864
440 198 711 274 BACCHAEZ
1052 215 1116 276 tto

8 433 10 456 ζ
135 375 186 442 Per
195 376 354 448 Graeciem
369 375 512 444 llrturutz
536 378 602 444 doo
615 379 711 456 enim,
728 378 761 444 Ο
774 378 963 460 adolescens,

8 459 12 474 '
135 461 284 548 Precipue
298 475 368 527 nint
383 465 465 528 inter
478 465 631 542 homines,
649 465 745 530 Ceres
759 467 874 544 dee,-

133 548 220 614 Terra
239 561 342 698 ilrlutem
366 561 413 616 est
429 551 537 616 Ceret:
560 552 688 616 nomine
701 573 786 633 vero,
809 565 880 618 utro
896 553 943 616 vit
956 553 1044 630 lione,
1059 573 1115 638 ep-

225 658 243 699 e
267 659 348 707 e;-
930 665 933 673 Α

132 657 345 807 Hecpquidem
359 722 448 786 siccis
463 723 613 788 alimentis
626 724 684 789 ulit
695 724 859 790 mortnleer

131 807 202 884 Qum
215 821 320 872 eutem
335 809 419 872 venit
434 807 466 872 in
481 811 670 895 oppositum,
686 809 739 874 hic
755 811 889 896 Semeles
901 809 996 890 fitius,
1064 838 1069 848 ¹

130 893 200 959 Uvae
214 894 376 959 humidam
392 894 554 977 potionem
567 896 688 962 invenit
702 909 733 961 et
748 897 854 963 intulit
1050 904 1114 967 260

130 979 322 1058 Hominibus,
338 1003 410 1068 quoe
423 980 537 1046 liberet
549 981 678 1047 miseros
692 982 837 1048 mortales

127 1067 247 1144 Dolore,
263 1069 384 1154 quoties
398 1066 509 1148 repleti
523 1065 641 1132 fuerint
654 1069 724 1132 ritis
737 1069 870 1156 liquore,

129 1149 357 1240 Samniumque,
386 1152 576 1218 oblivionem
605 1153 771 1233 melorum,
796 1179 870 1243 quae
897 1157 1038 1244 quotidie
1061 1179 1114 1224 co-

203 1239 321 1318 cidunt,

126 1325 196 1402 Det,
210 1347 269 1390 nec
283 1339 330 1390 est
344 1325 430 1391 eliud
444 1324 649 1410 pharmacum
665 1350 812 1394 curarum
826 1327 987 1418 efficochm

8 1423 9 1430 ’
126 1411 189 1476 Hic
200 1412 254 1498 qui
269 1412 359 1477 Deus
373 1423 429 1488 eet,
445 1411 506 1476 diis
519 1412 646 1494 libetur,

125 1497 168 1564 Ut
181 1497 321 1562 homines
335 1497 472 1562 habeant
485 1497 570 1563 hona
583 1511 714 1585 propter
728 1501 843 1585 ipsum.

124 1583 164 1649 Et
178 1596 276 1648 tomen
289 1584 412 1650 derides
426 1606 510 1662 eum,
527 1585 613 1670 quod
627 1586 748 1651 insutus
763 1585 856 1652 luerit
869 1587 957 1652 lovis

74 1709 80 1720 ·
124 1671 150 1736 F
151 1670 254 1734 emori.
297 1670 431 1735 Docebo
446 1685 486 1746 te,
502 1671 589 1757 quod
603 1669 665 1736 hoc
678 1695 711 1737 ee
725 1688 811 1738 recte
824 1672 947 1738 hebeat

123 1757 288 1842 Postquam
302 1757 405 1841 iprum
420 1757 525 1841 rapuit
539 1780 577 1822 ex
590 1758 664 1844 igne
677 1757 828 1824 fulmineo

120 1843 249 1929 Jupiter,
266 1843 343 1906 etin
358 1842 531 1930 Olympum
546 1842 639 1908 duxit
654 1844 805 1910 infantem
818 1857 986 1922 recentem,
1052 1851 1116 1916 270

120 1929 141 1994 J
144 1952 203 1993 uno
217 1928 315 1994 voluit
328 1951 399 1992 eum
415 1930 525 2014 ejicere
539 1928 579 1993 de
594 1929 692 1997 coelo:

119 2015 241 2101 Jupiter
254 2025 359 2167 8qu
376 2015 524 2079 adversus
539 2017 609 2093 hec,
625 2017 728 2081 dolum
742 2017 819 2082 hunc
839 2029 887 2082 est
906 2017 1044 2098 molitus,
1063 2031 1115 2084 nt·

223 2115 274 2165 ote
325 2124 396 2165 eus:

119 2125 477 2273 Rupidpnrtequedern
492 2201 608 2254 terrem
623 2184 788 2255 ambientis
947 2267 949 2272 ¹

117 2272 268 2351 AEtherir,
283 2274 397 2359 posuit.
412 2273 498 2338 huuc
513 2275 653 2340 obsidem
668 2297 828 2356 amovens,

115 2359 293 2447 Dionysum
310 2373 399 2424 extre
413 2359 501 2426 rixae
514 2360 668 2426 lunonis:
735 2375 801 2428 eteo
814 2383 890 2428 vero
903 2363 1007 2449 ipsum

117 2445 275 2510 Homines
288 2446 438 2511 dixerunt
451 2447 623 2511 enutritum
639 2448 671 2512 in
686 2384 805 2513 licitere
818 2448 915 2530 Jovie,

117 2533 256 2598 Nomine
269 2545 400 2610 mutato,
416 2532 502 2618 quod
517 2534 583 2598 deae
598 2533 674 2599 deus
688 2536 828 2599 Bacchus

114 2619 235 2684 Junoni
250 2617 408 2704 quondam
425 2619 515 2684 obses
529 2618 631 2698 luerit,
648 2633 873 2704 componentes
885 2619 1035 2686 fabulam.

115 2703 214 2769 Vates
228 2726 303 2768 vero
316 2704 394 2769 deun
407 2703 460 2770 hic
474 2715 536 2770 est.-
557 2695 672 2770 etehim
688 2707 852 2772 becchetio

115 2791 160 2857 Et
173 2791 296 2855 insanie
309 2813 340 2854 m
384 2813 455 2856 num
471 2791 661 2856 vaticinandi
675 2793 739 2857 vim
753 2791 867 2856 hebet:

113 2876 258 2954 Quando
271 2813 423 2942 enimahic
436 2876 514 2942 deus
529 2877 560 2941 in
577 2900 692 2962 corpus
705 2878 824 2942 venerit
838 2879 957 2942 multus

110 2964 234 3031 Dicere
247 2962 355 3029 future
368 2963 556 3028 insanientes
570 2963 654 3028 iecit.

112 3049 237 3115 Martis
250 3072 377 3136 quoque
390 3063 513 3136 partem
529 3050 688 3135 quendem
703 3061 893 3134 assumptam
906 3047 1019 3116 hebet:
1052 3054 1116 3118 tto

111 3137 303 3202 Exercitum
318 3137 402 3200 enim
417 3137 450 3200 in
466 3137 570 3214 ermis,
585 3148 617 3201 et
630 3137 662 3200 in
678 3137 745 3201 acie
759 3151 902 3213 stantem,

109 3222 227 3288 Metus
258 3221 481 3307 perterrefecit,
510 3224 696 3310 priusquam
731 3221 854 3289 hostem
891 3231 1044 3310 tangeret,
1079 3241 1117 3286 cc

203 3309 383 3373 dimicaret:

107 3395 222 3461 Furor
235 3409 340 3460 eutem
355 3407 431 3458 tunc
446 3417 466 3460 e
479 3395 565 3460 Dion
588 3419 624 3460 so
638 3396 762 3460 invasit.

107 3481 280 3548 Praeteree
293 3481 412 3545 videbis
426 3504 498 3546 eum
514 3483 547 3546 in
563 3419 727 3566 Delphicis
741 3481 824 3546 sexis

105 3569 289 3635 Salientem
305 3589 378 3632 cum
391 3566 519 3646 fecibus,
535 3580 568 3633 et
580 3567 742 3652 bicipitem
757 3587 869 3652 rupem

104 3655 352 3721 Percutientem
367 3668 399 3718 et
437 3655 605 3718 parientem
620 3652 805 3718 bacchicum
819 3673 955 3728 ramum,

103 3742 155 3807 Et
173 3761 326 3827 magnam
341 3761 398 3823 per
413 3677 585 3805 Draeciam.
615 3739 725 3816 Quare
737 3739 825 3816 mihi,
845 3737 997 3815 Pentheo,
1013 3758 1099 3823 pere.

102 3827 163 3894 Ne
180 3827 351 3912 imperium
367 3825 503 3911 gloriere
518 3827 550 3888 in
566 3826 710 3893 homines
724 3825 841 3890 hebere
856 3825 1007 3908 potentie,
1054 3831 1114 3891 991

101 3915 243 4000 Neque,
258 3913 401 3998 quemvis
415 3913 570 3978 existimes
584 3911 724 3998 quidem,
740 3919 785 3996 (et
798 3911 831 3976 in
847 3910 968 3998 judicio
982 3924 1038 3975 tuo
1052 3909 1118 3975 cul·

225 4023 245 4064 a
259 3999 328 4080 sit,)

98 4023 239 4174 Sepeia
254 4084 427 4186 quidquem
443 4099 473 4152 te
487 4097 583 4171 pute:
607 4085 715 4151 Deum
732 4084 828 4172 igitur
842 4083 876 4148 in
898 4093 981 4150 tunm
1002 4095 1118 4148 terrem

201 4193 318 4256 recipe,

1068 2985 1075 2992 a

552 4279 611 4346 ⁶8
