<?xml version="1.0" encoding="UTF-8"?>
<!DOCTYPE html PUBLIC "-//W3C//DTD XHTML 1.0 Transitional//EN"
    "http://www.w3.org/TR/xhtml1/DTD/xhtml1-transitional.dtd">
<html xmlns="http://www.w3.org/1999/xhtml" xml:lang="en" lang="en">
 <head>
  <title>
</title>
<meta http-equiv="Content-Type" content="text/html;charset=utf-8" />
  <meta name='ocr-system' content='tesseract 3.04.00' />
  <meta name='ocr-capabilities' content='ocr_page ocr_carea ocr_par ocr_line ocrx_word'/>
</head>
<body>
  <div class='ocr_page' id='page_1' title='image "./euripidistragoe00mattgoog/euripidistragoe00mattgoog_0111.png"; bbox 0 0 2802 4858; ppageno 0'>
   <div class='ocr_carea' id='block_1_1' title="bbox 616 189 935 258">
    <p class='ocr_par' dir='ltr' id='par_1_1' title="bbox 616 189 935 258">
     <span class='ocr_line' id='line_1_1' title="bbox 616 189 935 258; baseline 0.006 -2"><span class='ocrx_word' id='word_1_1' title='bbox 616 189 935 258; x_wconf 79' lang='lat' dir='ltr'>EURIPIDIS</span> 
     </span>
    </p>
   </div>
   <div class='ocr_carea' id='block_1_2' title="bbox 229 361 1399 4260">
    <p class='ocr_par' dir='ltr' id='par_1_2' title="bbox 229 361 1399 4260">
     <span class='ocr_line' id='line_1_2' title="bbox 321 361 1125 449; baseline -0.004 -18"><span class='ocrx_word' id='word_1_2' title='bbox 321 367 456 431; x_wconf 77' lang='lat' dir='ltr'>Gestaris</span> <span class='ocrx_word' id='word_1_3' title='bbox 469 361 625 440; x_wconf 76' lang='lat' dir='ltr'>veniebat,</span> <span class='ocrx_word' id='word_1_4' title='bbox 639 375 736 449; x_wconf 78' lang='lat' dir='ltr'>atque</span> <span class='ocrx_word' id='word_1_5' title='bbox 748 361 819 429; x_wconf 81' lang='lat' dir='ltr'>haeo</span> <span class='ocrx_word' id='word_1_6' title='bbox 833 363 967 448; x_wconf 82' lang='lat' dir='ltr'>superbe</span> <span class='ocrx_word' id='word_1_7' title='bbox 981 363 1125 446; x_wconf 84' lang='lat' dir='ltr'>protulit,</span> 
     </span>
     <span class='ocr_line' id='line_1_3' title="bbox 323 447 1255 536; baseline 0.002 -20"><span class='ocrx_word' id='word_1_8' title='bbox 323 451 511 523; x_wconf 80' lang='lat' dir='ltr'>Nemorum</span> <span class='ocrx_word' id='word_1_9' title='bbox 526 448 651 534; x_wconf 88' lang='lat' dir='ltr'>quidem</span> <span class='ocrx_word' id='word_1_10' title='bbox 668 449 772 536; x_wconf 80' lang='lat' dir='ltr'><strong>ignem</strong></span> <span class='ocrx_word' id='word_1_11' title='bbox 787 452 891 535; x_wconf 88' lang='lat' dir='ltr'>ipsum</span> <span class='ocrx_word' id='word_1_12' title='bbox 906 448 994 515; x_wconf 87' lang='lat' dir='ltr'>Jovis</span> <span class='ocrx_word' id='word_1_13' title='bbox 1008 447 1255 532; x_wconf 87' lang='lat' dir='ltr'>prohibiturum,</span> 
     </span>
     <span class='ocr_line' id='line_1_4' title="bbox 321 534 1399 622; baseline -0.005 -21"><span class='ocrx_word' id='word_1_14' title='bbox 321 536 501 616; x_wconf 88' lang='lat' dir='ltr'>Quominus</span> <span class='ocrx_word' id='word_1_15' title='bbox 515 557 535 598; x_wconf 81' lang='lat' dir='ltr'>o</span> <span class='ocrx_word' id='word_1_16' title='bbox 548 535 677 598; x_wconf 87' lang='lat' dir='ltr'>summis</span> <span class='ocrx_word' id='word_1_17' title='bbox 690 535 816 600; x_wconf 73' lang='lat' dir='ltr'>arcibus</span> <span class='ocrx_word' id='word_1_18' title='bbox 830 536 934 622; x_wconf 79' lang='lat' dir='ltr'>capiat</span> <span class='ocrx_word' id='word_1_19' title='bbox 946 534 1070 600; x_wconf 86' lang='lat' dir='ltr'>urbem.</span> <span class='ocrx_word' id='word_1_20' title='bbox 1103 557 1105 562; x_wconf 73' lang='grc'>’</span> <span class='ocrx_word' id='word_1_21' title='bbox 1398 577 1399 596; x_wconf 45' lang='lat'>1</span> 
     </span>
     <span class='ocr_line' id='line_1_5' title="bbox 321 619 1399 708; baseline 0.001 -20"><span class='ocrx_word' id='word_1_22' title='bbox 321 623 366 689; x_wconf 91' lang='lat' dir='ltr'>Et</span> <span class='ocrx_word' id='word_1_23' title='bbox 380 621 451 686; x_wconf 84' lang='lat' dir='ltr'>haec</span> <span class='ocrx_word' id='word_1_24' title='bbox 463 619 554 685; x_wconf 87' lang='lat' dir='ltr'>simul</span> <span class='ocrx_word' id='word_1_25' title='bbox 569 620 660 698; x_wconf 83' lang='lat' dir='ltr'>dixit,</span> <span class='ocrx_word' id='word_1_26' title='bbox 675 635 707 687; x_wconf 88' lang='lat' dir='ltr'>et</span> <span class='ocrx_word' id='word_1_27' title='bbox 720 623 861 708; x_wconf 85' lang='lat' dir='ltr'>quemvis</span> <span class='ocrx_word' id='word_1_28' title='bbox 873 622 956 688; x_wconf 79' lang='lat' dir='ltr'>sexis</span> <span class='ocrx_word' id='word_1_29' title='bbox 970 636 1132 707; x_wconf 85' lang='lat' dir='ltr'>peteretur</span> <span class='ocrx_word' id='word_1_30' title='bbox 1239 631 1311 692; x_wconf 86' lang='grc'><strong>1100</strong></span> <span class='ocrx_word' id='word_1_31' title='bbox 1398 619 1399 624; x_wconf 62' lang='grc'>’</span> 
     </span>
     <span class='ocr_line' id='line_1_6' title="bbox 322 707 1311 797; baseline 0.002 -22"><span class='ocrx_word' id='word_1_32' title='bbox 322 707 523 775; x_wconf 84' lang='lat' dir='ltr'>Ascendebet</span> <span class='ocrx_word' id='word_1_33' title='bbox 536 717 647 783; x_wconf 73' lang='lat' dir='ltr'>tarsen,</span> <span class='ocrx_word' id='word_1_34' title='bbox 658 707 717 778; x_wconf 80' lang='lat' dir='ltr'>sub</span> <span class='ocrx_word' id='word_1_35' title='bbox 731 709 832 794; x_wconf 77' lang='lat' dir='ltr'>ipsum</span> <span class='ocrx_word' id='word_1_36' title='bbox 848 708 877 774; x_wconf 85' lang='lat' dir='ltr'>ol</span> <span class='ocrx_word' id='word_1_37' title='bbox 939 729 993 772; x_wconf 87' lang='lat' dir='ltr'>um</span> <span class='ocrx_word' id='word_1_38' title='bbox 1003 722 1170 775; x_wconf 77' lang='lat' dir='ltr'>contrecto</span> <span class='ocrx_word' id='word_1_39' title='bbox 1179 733 1311 797; x_wconf 85' lang='lat' dir='ltr'>corpore,</span> 
     </span>
     <span class='ocr_line' id='line_1_7' title="bbox 322 791 1202 880; baseline -0.002 -18"><span class='ocrx_word' id='word_1_40' title='bbox 322 795 484 862; x_wconf 78' lang='lat' dir='ltr'>Scelerum</span> <span class='ocrx_word' id='word_1_41' title='bbox 501 791 614 878; x_wconf 87' lang='lat' dir='ltr'>politos</span> <span class='ocrx_word' id='word_1_42' title='bbox 628 791 746 880; x_wconf 72' lang='lat' dir='ltr'>gradus</span> <span class='ocrx_word' id='word_1_43' title='bbox 761 795 871 860; x_wconf 76' lang='lat' dir='ltr'>trunsti</span> <span class='ocrx_word' id='word_1_44' title='bbox 895 815 987 860; x_wconf 91' lang='lat' dir='ltr'>orum</span> <span class='ocrx_word' id='word_1_45' title='bbox 1001 815 1202 880; x_wconf 78' lang='lat' dir='ltr'>percurrens.</span> 
     </span>
     <span class='ocr_line' id='line_1_8' title="bbox 322 877 982 966; baseline -0.002 -18"><span class='ocrx_word' id='word_1_46' title='bbox 322 885 364 948; x_wconf 91' lang='lat' dir='ltr'>At</span> <span class='ocrx_word' id='word_1_47' title='bbox 373 882 441 966; x_wconf 82' lang='lat' dir='ltr'>jem</span> <span class='ocrx_word' id='word_1_48' title='bbox 455 877 678 944; x_wconf 74' lang='lat' dir='ltr'>transcendens</span> <span class='ocrx_word' id='word_1_49' title='bbox 691 881 805 964; x_wconf 79' lang='lat' dir='ltr'>pinnas</span> <span class='ocrx_word' id='word_1_50' title='bbox 819 902 982 947; x_wconf 88' lang='lat' dir='ltr'>murorum</span> 
     </span>
     <span class='ocr_line' id='line_1_9' title="bbox 324 963 1228 1054; baseline 0.001 -21"><span class='ocrx_word' id='word_1_51' title='bbox 324 967 411 1033; x_wconf 86' lang='lat' dir='ltr'>Ferit</span> <span class='ocrx_word' id='word_1_52' title='bbox 425 983 497 1032; x_wconf 88' lang='lat' dir='ltr'>eum</span> <span class='ocrx_word' id='word_1_53' title='bbox 512 963 643 1030; x_wconf 86' lang='lat' dir='ltr'><strong>fulmine</strong></span> <span class='ocrx_word' id='word_1_54' title='bbox 656 965 799 1051; x_wconf 79' lang='lat' dir='ltr'>Jupiter:</span> <span class='ocrx_word' id='word_1_55' title='bbox 822 967 987 1054; x_wconf 82' lang='lat' dir='ltr'>strepitum</span> <span class='ocrx_word' id='word_1_56' title='bbox 1003 981 1110 1033; x_wconf 79' lang='lat' dir='ltr'>sutem</span> <span class='ocrx_word' id='word_1_57' title='bbox 1124 967 1228 1034; x_wconf 86' lang='lat' dir='ltr'>edidit</span> 
     </span>
     <span class='ocr_line' id='line_1_10' title="bbox 321 1051 1007 1130; baseline 0 -12"><span class='ocrx_word' id='word_1_58' title='bbox 321 1054 434 1130; x_wconf 84' lang='lat' dir='ltr'>Terre,</span> <span class='ocrx_word' id='word_1_59' title='bbox 451 1067 486 1117; x_wconf 92' lang='lat' dir='ltr'>ut</span> <span class='ocrx_word' id='word_1_60' title='bbox 500 1051 609 1116; x_wconf 72' lang='lat' dir='ltr'>omines</span> <span class='ocrx_word' id='word_1_61' title='bbox 624 1065 815 1129; x_wconf 81' lang='lat' dir='ltr'>metuerent3</span> <span class='ocrx_word' id='word_1_62' title='bbox 837 1069 871 1119; x_wconf 82' lang='lat' dir='ltr'>st</span> <span class='ocrx_word' id='word_1_63' title='bbox 884 1077 903 1118; x_wconf 90' lang='lat' dir='ltr'>e</span> <span class='ocrx_word' id='word_1_64' title='bbox 916 1053 1007 1118; x_wconf 80' lang='lat' dir='ltr'>scalis</span> 
     </span>
     <span class='ocr_line' id='line_1_11' title="bbox 321 1137 1312 1224; baseline 0.002 -19"><span class='ocrx_word' id='word_1_65' title='bbox 321 1137 732 1224; x_wconf 79' lang='lat' dir='ltr'>Ut·lundo-disjiciebsntur</span> <span class='ocrx_word' id='word_1_66' title='bbox 739 1140 867 1206; x_wconf 83' lang='lat' dir='ltr'>seorsim</span> <span class='ocrx_word' id='word_1_67' title='bbox 882 1138 944 1204; x_wconf 79' lang='lat' dir='ltr'>slis</span> <span class='ocrx_word' id='word_1_68' title='bbox 958 1140 1000 1204; x_wconf 83' lang='lat' dir='ltr'>eb</span> <span class='ocrx_word' id='word_1_69' title='bbox 1013 1139 1153 1224; x_wconf 68' lang='lat' dir='ltr'>aliisqjus</span> <span class='ocrx_word' id='word_1_70' title='bbox 1168 1141 1312 1216; x_wconf 81' lang='lat' dir='ltr'>membre,</span> 
     </span>
     <span class='ocr_line' id='line_1_12' title="bbox 321 1221 1264 1314; baseline 0 -22"><span class='ocrx_word' id='word_1_71' title='bbox 321 1227 434 1292; x_wconf 85' lang='lat' dir='ltr'>Cornae</span> <span class='ocrx_word' id='word_1_72' title='bbox 449 1221 576 1311; x_wconf 87' lang='lat' dir='ltr'>quidem</span> <span class='ocrx_word' id='word_1_73' title='bbox 591 1223 708 1290; x_wconf 83' lang='lat' dir='ltr'>ooelum</span> <span class='ocrx_word' id='word_1_74' title='bbox 724 1248 841 1307; x_wconf 87' lang='lat' dir='ltr'>versus,</span> <span class='ocrx_word' id='word_1_75' title='bbox 856 1226 984 1314; x_wconf 73' lang='lat' dir='ltr'>sanguis</span> <span class='ocrx_word' id='word_1_76' title='bbox 998 1247 1073 1291; x_wconf 85' lang='lat' dir='ltr'>vero</span> <span class='ocrx_word' id='word_1_77' title='bbox 1087 1229 1120 1291; x_wconf 86' lang='lat' dir='ltr'>iu</span> <span class='ocrx_word' id='word_1_78' title='bbox 1136 1239 1264 1306; x_wconf 82' lang='lat' dir='ltr'>terrem,</span> 
     </span>
     <span class='ocr_line' id='line_1_13' title="bbox 324 1311 975 1395; baseline -0.002 -18"><span class='ocrx_word' id='word_1_79' title='bbox 324 1312 444 1377; x_wconf 85' lang='lat' dir='ltr'>Manus</span> <span class='ocrx_word' id='word_1_80' title='bbox 457 1332 534 1375; x_wconf 86' lang='lat' dir='ltr'>vero</span> <span class='ocrx_word' id='word_1_81' title='bbox 548 1323 580 1376; x_wconf 91' lang='lat' dir='ltr'>et</span> <span class='ocrx_word' id='word_1_82' title='bbox 593 1311 701 1395; x_wconf 84' lang='lat' dir='ltr'>pedes,</span> <span class='ocrx_word' id='word_1_83' title='bbox 711 1325 747 1378; x_wconf 92' lang='lat' dir='ltr'>ut</span> <span class='ocrx_word' id='word_1_84' title='bbox 762 1327 831 1377; x_wconf 79' lang='lat' dir='ltr'>roto</span> <span class='ocrx_word' id='word_1_85' title='bbox 845 1312 975 1390; x_wconf 86' lang='lat' dir='ltr'>Ixionis,</span> 
     </span>
     <span class='ocr_line' id='line_1_14' title="bbox 322 1397 1245 1484; baseline 0 -21"><span class='ocrx_word' id='word_1_86' title='bbox 322 1397 557 1464; x_wconf 78' lang='lat' dir='ltr'>volvebantur:</span> <span class='ocrx_word' id='word_1_87' title='bbox 580 1397 714 1484; x_wconf 82' lang='lat' dir='ltr'>ignitum</span> <span class='ocrx_word' id='word_1_88' title='bbox 729 1398 851 1463; x_wconf 91' lang='lat' dir='ltr'>veroin</span> <span class='ocrx_word' id='word_1_89' title='bbox 866 1412 982 1464; x_wconf 79' lang='lat' dir='ltr'>terrem</span> <span class='ocrx_word' id='word_1_90' title='bbox 997 1398 1083 1464; x_wconf 81' lang='lat' dir='ltr'>cedit</span> <span class='ocrx_word' id='word_1_91' title='bbox 1096 1399 1245 1464; x_wconf 74' lang='lat' dir='ltr'>cadaver.</span> 
     </span>
     <span class='ocr_line' id='line_1_15' title="bbox 323 1482 1313 1570; baseline -0.002 -19"><span class='ocrx_word' id='word_1_92' title='bbox 323 1485 495 1570; x_wconf 80' lang='lat' dir='ltr'>Postquam</span> <span class='ocrx_word' id='word_1_93' title='bbox 503 1497 608 1546; x_wconf 82' lang='lat' dir='ltr'>sutem</span> <span class='ocrx_word' id='word_1_94' title='bbox 619 1482 695 1547; x_wconf 91' lang='lat' dir='ltr'>vidit</span> <span class='ocrx_word' id='word_1_95' title='bbox 705 1485 858 1549; x_wconf 75' lang='lat' dir='ltr'>Adrastus</span> <span class='ocrx_word' id='word_1_96' title='bbox 865 1483 978 1550; x_wconf 87' lang='lat' dir='ltr'>Jovem</span> <span class='ocrx_word' id='word_1_97' title='bbox 986 1484 1149 1550; x_wconf 78' lang='lat' dir='ltr'>inimicum</span> <span class='ocrx_word' id='word_1_98' title='bbox 1157 1485 1313 1560; x_wconf 74' lang='lat' dir='ltr'>exercitii,</span> 
     </span>
     <span class='ocr_line' id='line_1_16' title="bbox 320 1568 1311 1658; baseline 0 -22"><span class='ocrx_word' id='word_1_99' title='bbox 320 1570 422 1636; x_wconf 80' lang='lat' dir='ltr'>Extra</span> <span class='ocrx_word' id='word_1_100' title='bbox 434 1569 547 1632; x_wconf 78' lang='lat' dir='ltr'>fossum</span> <span class='ocrx_word' id='word_1_101' title='bbox 563 1568 693 1634; x_wconf 86' lang='lat' dir='ltr'>reduxit</span> <span class='ocrx_word' id='word_1_102' title='bbox 707 1570 863 1658; x_wconf 83' lang='lat' dir='ltr'>Argivum</span> <span class='ocrx_word' id='word_1_103' title='bbox 877 1571 1064 1637; x_wconf 83' lang='lat' dir='ltr'>exercitum.</span> <span class='ocrx_word' id='word_1_104' title='bbox 1243 1579 1311 1638; x_wconf 84' lang='lat'>1191</span> 
     </span>
     <span class='ocr_line' id='line_1_17' title="bbox 311 1655 1072 1744; baseline -0.007 -19"><span class='ocrx_word' id='word_1_105' title='bbox 311 1655 433 1725; x_wconf 75' lang='lat' dir='ltr'>‚Nostri</span> <span class='ocrx_word' id='word_1_106' title='bbox 447 1675 522 1719; x_wconf 88' lang='lat' dir='ltr'>vero</span> <span class='ocrx_word' id='word_1_107' title='bbox 537 1655 670 1720; x_wconf 82' lang='lat' dir='ltr'>vicissim</span> <span class='ocrx_word' id='word_1_108' title='bbox 684 1657 832 1722; x_wconf 86' lang='lat' dir='ltr'>dextrum</span> <span class='ocrx_word' id='word_1_109' title='bbox 847 1657 934 1722; x_wconf 88' lang='lat' dir='ltr'>Jovis</span> <span class='ocrx_word' id='word_1_110' title='bbox 947 1657 1072 1744; x_wconf 78' lang='lat' dir='ltr'>signum</span> 
     </span>
     <span class='ocr_line' id='line_1_18' title="bbox 321 1741 1002 1824; baseline 0 -17"><span class='ocrx_word' id='word_1_111' title='bbox 321 1742 473 1808; x_wconf 83' lang='lat' dir='ltr'>Videntes</span> <span class='ocrx_word' id='word_1_112' title='bbox 487 1741 681 1824; x_wconf 85' lang='lat' dir='ltr'>impulerunt</span> <span class='ocrx_word' id='word_1_113' title='bbox 694 1763 845 1807; x_wconf 86' lang='lat' dir='ltr'>curruum</span> <span class='ocrx_word' id='word_1_114' title='bbox 859 1741 1002 1808; x_wconf 77' lang='lat' dir='ltr'>vehicula</span> 
     </span>
     <span class='ocr_line' id='line_1_19' title="bbox 323 1828 1279 1917; baseline 0 -23"><span class='ocrx_word' id='word_1_115' title='bbox 323 1829 464 1916; x_wconf 83' lang='lat' dir='ltr'>Equites,</span> <span class='ocrx_word' id='word_1_116' title='bbox 480 1828 757 1916; x_wconf 73' lang='lat' dir='ltr'>graviterermeti,</span> <span class='ocrx_word' id='word_1_117' title='bbox 772 1829 852 1894; x_wconf 91' lang='lat' dir='ltr'>etin</span> <span class='ocrx_word' id='word_1_118' title='bbox 867 1828 971 1894; x_wconf 84' lang='lat' dir='ltr'>medie</span> <span class='ocrx_word' id='word_1_119' title='bbox 984 1830 1177 1917; x_wconf 82' lang='lat' dir='ltr'>Argivorum</span> <span class='ocrx_word' id='word_1_120' title='bbox 1192 1851 1279 1894; x_wconf 76' lang='lat' dir='ltr'>orme</span> 
     </span>
     <span class='ocr_line' id='line_1_20' title="bbox 322 1912 1314 1982; baseline -0.003 -2"><span class='ocrx_word' id='word_1_121' title='bbox 322 1916 455 1980; x_wconf 62' lang='lat' dir='ltr'>&amp;entes</span> <span class='ocrx_word' id='word_1_122' title='bbox 468 1914 694 1982; x_wconf 87' lang='lat' dir='ltr'>commiserunt</span> <span class='ocrx_word' id='word_1_123' title='bbox 711 1912 824 1982; x_wconf 79' lang='lat' dir='ltr'>hustet.</span> <span class='ocrx_word' id='word_1_124' title='bbox 870 1915 989 1981; x_wconf 78' lang='lat' dir='ltr'>Omnia</span> <span class='ocrx_word' id='word_1_125' title='bbox 1003 1929 1109 1982; x_wconf 85' lang='lat' dir='ltr'>eutem</span> <span class='ocrx_word' id='word_1_126' title='bbox 1124 1913 1210 1980; x_wconf 81' lang='lat' dir='ltr'>mels</span> <span class='ocrx_word' id='word_1_127' title='bbox 1231 1912 1314 1980; x_wconf 86' lang='lat' dir='ltr'>simul</span> 
     </span>
     <span class='ocr_line' id='line_1_21' title="bbox 408 2014 514 2066; baseline -0.009 0"><span class='ocrx_word' id='word_1_128' title='bbox 408 2014 514 2066; x_wconf 82' lang='lat' dir='ltr'>erent:</span> 
     </span>
     <span class='ocr_line' id='line_1_22' title="bbox 324 2086 1025 2167; baseline 0 -14"><span class='ocrx_word' id='word_1_129' title='bbox 324 2086 558 2164; x_wconf 83' lang='lat' dir='ltr'>Moriebentur,</span> <span class='ocrx_word' id='word_1_130' title='bbox 574 2086 727 2154; x_wconf 76' lang='lat' dir='ltr'>cedebant</span> <span class='ocrx_word' id='word_1_131' title='bbox 741 2109 780 2152; x_wconf 86' lang='lat' dir='ltr'>ex</span> <span class='ocrx_word' id='word_1_132' title='bbox 794 2087 857 2152; x_wconf 82' lang='lat' dir='ltr'>suis</span> <span class='ocrx_word' id='word_1_133' title='bbox 871 2089 1025 2167; x_wconf 87' lang='lat' dir='ltr'>curribus,</span> 
     </span>
     <span class='ocr_line' id='line_1_23' title="bbox 324 2172 1013 2260; baseline -0.001 -21"><span class='ocrx_word' id='word_1_134' title='bbox 324 2175 388 2240; x_wconf 86' lang='lat' dir='ltr'>Rot</span> <span class='ocrx_word' id='word_1_135' title='bbox 444 2196 481 2238; x_wconf 90' lang='lat' dir='ltr'>ue</span> <span class='ocrx_word' id='word_1_136' title='bbox 496 2172 652 2238; x_wconf 78' lang='lat' dir='ltr'>saltabunt</span> <span class='ocrx_word' id='word_1_137' title='bbox 665 2195 803 2260; x_wconf 79' lang='lat' dir='ltr'>erresque</span> <span class='ocrx_word' id='word_1_138' title='bbox 817 2197 853 2237; x_wconf 87' lang='lat' dir='ltr'>su</span> <span class='ocrx_word' id='word_1_139' title='bbox 894 2195 910 2236; x_wconf 93' lang='lat' dir='ltr'>r</span> <span class='ocrx_word' id='word_1_140' title='bbox 924 2195 1013 2254; x_wconf 75' lang='lat' dir='ltr'>axes,</span> 
     </span>
     <span class='ocr_line' id='line_1_24' title="bbox 322 2258 1125 2326; baseline 0 -2"><span class='ocrx_word' id='word_1_141' title='bbox 322 2259 366 2324; x_wconf 84' lang='lat' dir='ltr'>Et</span> <span class='ocrx_word' id='word_1_142' title='bbox 380 2281 416 2324; x_wconf 83' lang='lat' dir='ltr'>oa</span> <span class='ocrx_word' id='word_1_143' title='bbox 439 2282 532 2324; x_wconf 81' lang='lat' dir='ltr'>svera</span> <span class='ocrx_word' id='word_1_144' title='bbox 546 2258 749 2326; x_wconf 80' lang='lat' dir='ltr'>cadaveribus</span> <span class='ocrx_word' id='word_1_145' title='bbox 763 2281 857 2326; x_wconf 86' lang='lat' dir='ltr'>cumn</span> <span class='ocrx_word' id='word_1_146' title='bbox 889 2259 1007 2325; x_wconf 80' lang='lat' dir='ltr'>buntur</span> <span class='ocrx_word' id='word_1_147' title='bbox 1021 2259 1125 2326; x_wconf 81' lang='lat' dir='ltr'>simul.</span> 
     </span>
     <span class='ocr_line' id='line_1_25' title="bbox 324 2344 1239 2434; baseline 0.002 -23"><span class='ocrx_word' id='word_1_148' title='bbox 324 2344 549 2411; x_wconf 85' lang='lat' dir='ltr'>Prohibuimus</span> <span class='ocrx_word' id='word_1_149' title='bbox 564 2346 660 2432; x_wconf 83' lang='lat' dir='ltr'>igitur</span> <span class='ocrx_word' id='word_1_150' title='bbox 674 2346 866 2412; x_wconf 86' lang='lat' dir='ltr'>eversionem</span> <span class='ocrx_word' id='word_1_151' title='bbox 881 2346 1017 2412; x_wconf 86' lang='lat' dir='ltr'>turrium</span> <span class='ocrx_word' id='word_1_152' title='bbox 1033 2361 1127 2412; x_wconf 82' lang='lat' dir='ltr'>terrae</span> <span class='ocrx_word' id='word_1_153' title='bbox 1141 2345 1239 2434; x_wconf 77' lang='lat' dir='ltr'>liujus</span> 
     </span>
     <span class='ocr_line' id='line_1_26' title="bbox 323 2430 1318 2498; baseline 0 0"><span class='ocrx_word' id='word_1_154' title='bbox 323 2431 451 2498; x_wconf 83' lang='lat' dir='ltr'>Hodie:</span> <span class='ocrx_word' id='word_1_155' title='bbox 474 2455 513 2497; x_wconf 80' lang='lat' dir='ltr'>sn</span> <span class='ocrx_word' id='word_1_156' title='bbox 530 2454 604 2496; x_wconf 91' lang='lat' dir='ltr'>vero</span> <span class='ocrx_word' id='word_1_157' title='bbox 617 2430 691 2497; x_wconf 85' lang='lat' dir='ltr'>selix</span> <span class='ocrx_word' id='word_1_158' title='bbox 1238 2438 1318 2498; x_wconf 69' lang='lat'><strong>1200</strong></span> 
     </span>
     <span class='ocr_line' id='line_1_27' title="bbox 322 2517 1264 2596; baseline -0.001 -12"><span class='ocrx_word' id='word_1_159' title='bbox 322 2517 445 2584; x_wconf 77' lang='lat' dir='ltr'>Futuro</span> <span class='ocrx_word' id='word_1_160' title='bbox 458 2519 497 2584; x_wconf 88' lang='lat' dir='ltr'>sit</span> <span class='ocrx_word' id='word_1_161' title='bbox 511 2520 543 2584; x_wconf 91' lang='lat' dir='ltr'>in</span> <span class='ocrx_word' id='word_1_162' title='bbox 581 2532 716 2584; x_wconf 87' lang='lat' dir='ltr'>osterum</span> <span class='ocrx_word' id='word_1_163' title='bbox 732 2517 803 2584; x_wconf 84' lang='lat' dir='ltr'>haeo</span> <span class='ocrx_word' id='word_1_164' title='bbox 817 2519 904 2596; x_wconf 83' lang='lat' dir='ltr'>urbs,</span> <span class='ocrx_word' id='word_1_165' title='bbox 921 2519 993 2584; x_wconf 83' lang='lat' dir='ltr'>Diis</span> <span class='ocrx_word' id='word_1_166' title='bbox 1007 2518 1070 2584; x_wconf 87' lang='lat' dir='ltr'>hoo</span> <span class='ocrx_word' id='word_1_167' title='bbox 1083 2519 1144 2584; x_wconf 85' lang='lat' dir='ltr'>erit</span> <span class='ocrx_word' id='word_1_168' title='bbox 1158 2541 1264 2586; x_wconf 76' lang='lat' dir='ltr'>curre:</span> 
     </span>
     <span class='ocr_line' id='line_1_28' title="bbox 320 2539 1188 2693; baseline 0.001 -24"><span class='ocrx_word' id='word_1_169' title='bbox 320 2603 381 2686; x_wconf 89' lang='lat' dir='ltr'>[Et</span> <span class='ocrx_word' id='word_1_170' title='bbox 395 2627 479 2670; x_wconf 87' lang='lat' dir='ltr'>nunc</span> <span class='ocrx_word' id='word_1_171' title='bbox 493 2539 621 2692; x_wconf 72' lang='lat' dir='ltr'>quidlsm</span> <span class='ocrx_word' id='word_1_172' title='bbox 638 2604 722 2670; x_wconf 81' lang='lat' dir='ltr'>illum</span> <span class='ocrx_word' id='word_1_173' title='bbox 736 2606 868 2671; x_wconf 74' lang='lat' dir='ltr'>servavit</span> <span class='ocrx_word' id='word_1_174' title='bbox 882 2607 1014 2670; x_wconf 89' lang='lat' dir='ltr'>deorum</span> <span class='ocrx_word' id='word_1_175' title='bbox 1029 2605 1188 2693; x_wconf 74' lang='lat' dir='ltr'>quidam]</span> 
     </span>
     <span class='ocr_line' id='line_1_29' title="bbox 235 2690 1038 2760; baseline -0.004 0"><span class='ocrx_word' id='word_1_176' title='bbox 235 2713 310 2760; x_wconf 78' lang='lat' dir='ltr'>ono.</span> <span class='ocrx_word' id='word_1_177' title='bbox 322 2690 495 2756; x_wconf 85' lang='lat' dir='ltr'>Pulchrum</span> <span class='ocrx_word' id='word_1_178' title='bbox 509 2702 558 2756; x_wconf 87' lang='lat' dir='ltr'>est</span> <span class='ocrx_word' id='word_1_179' title='bbox 571 2693 715 2756; x_wconf 79' lang='lat' dir='ltr'>vincere:</span> <span class='ocrx_word' id='word_1_180' title='bbox 738 2691 764 2755; x_wconf 90' lang='lat' dir='ltr'>si</span> <span class='ocrx_word' id='word_1_181' title='bbox 780 2715 853 2757; x_wconf 88' lang='lat' dir='ltr'>vero</span> <span class='ocrx_word' id='word_1_182' title='bbox 867 2691 911 2756; x_wconf 88' lang='lat' dir='ltr'>dii</span> <span class='ocrx_word' id='word_1_183' title='bbox 928 2691 1038 2757; x_wconf 85' lang='lat' dir='ltr'>melius</span> 
     </span>
     <span class='ocr_line' id='line_1_30' title="bbox 321 2775 980 2865; baseline 0.005 -23"><span class='ocrx_word' id='word_1_184' title='bbox 321 2777 506 2843; x_wconf 75' lang='lat' dir='ltr'>Habuerint</span> <span class='ocrx_word' id='word_1_185' title='bbox 520 2776 697 2856; x_wconf 90' lang='lat' dir='ltr'>consilium,</span> <span class='ocrx_word' id='word_1_186' title='bbox 712 2800 773 2865; x_wconf 83' lang='lat' dir='ltr'>ego</span> <span class='ocrx_word' id='word_1_187' title='bbox 787 2775 861 2843; x_wconf 82' lang='lat' dir='ltr'>felix</span> <span class='ocrx_word' id='word_1_188' title='bbox 874 2799 980 2845; x_wconf 82' lang='lat' dir='ltr'>essem.</span> 
     </span>
     <span class='ocr_line' id='line_1_31' title="bbox 233 2863 1119 2950; baseline -0.005 -18"><span class='ocrx_word' id='word_1_189' title='bbox 233 2887 302 2932; x_wconf 77' lang='lat' dir='ltr'>roc.</span> <span class='ocrx_word' id='word_1_190' title='bbox 322 2863 460 2930; x_wconf 87' lang='lat' dir='ltr'>Pulchre</span> <span class='ocrx_word' id='word_1_191' title='bbox 473 2863 592 2930; x_wconf 84' lang='lat' dir='ltr'>hebent</span> <span class='ocrx_word' id='word_1_192' title='bbox 605 2885 678 2950; x_wconf 82' lang='lat' dir='ltr'>quae</span> <span class='ocrx_word' id='word_1_193' title='bbox 692 2876 766 2929; x_wconf 82' lang='lat' dir='ltr'>sunt</span> <span class='ocrx_word' id='word_1_194' title='bbox 779 2863 910 2929; x_wconf 89' lang='lat' dir='ltr'>deorum</span> <span class='ocrx_word' id='word_1_195' title='bbox 921 2878 951 2929; x_wconf 90' lang='lat' dir='ltr'>et</span> <span class='ocrx_word' id='word_1_196' title='bbox 965 2864 1119 2930; x_wconf 65' lang='lat' dir='ltr'>fortunae:</span> 
     </span>
     <span class='ocr_line' id='line_1_32' title="bbox 321 2949 1161 3036; baseline -0.002 -20"><span class='ocrx_word' id='word_1_197' title='bbox 321 2949 393 3016; x_wconf 88' lang='lat' dir='ltr'>Filii</span> <span class='ocrx_word' id='word_1_198' title='bbox 406 2951 490 3014; x_wconf 89' lang='lat' dir='ltr'>enim</span> <span class='ocrx_word' id='word_1_199' title='bbox 505 2964 579 3016; x_wconf 87' lang='lat' dir='ltr'>sunt</span> <span class='ocrx_word' id='word_1_200' title='bbox 593 2950 682 3032; x_wconf 80' lang='lat' dir='ltr'>solvi,</span> <span class='ocrx_word' id='word_1_201' title='bbox 695 2963 728 3016; x_wconf 90' lang='lat' dir='ltr'>et</span> <span class='ocrx_word' id='word_1_202' title='bbox 742 2952 850 3016; x_wconf 79' lang='lat' dir='ltr'>civitas</span> <span class='ocrx_word' id='word_1_203' title='bbox 863 2952 962 3014; x_wconf 83' lang='lat' dir='ltr'>evasit</span> <span class='ocrx_word' id='word_1_204' title='bbox 973 2949 1161 3036; x_wconf 80' lang='lat' dir='ltr'>perieulum.</span> 
     </span>
     <span class='ocr_line' id='line_1_33' title="bbox 322 3035 1009 3121; baseline 0.003 -21"><span class='ocrx_word' id='word_1_205' title='bbox 322 3035 427 3100; x_wconf 86' lang='lat' dir='ltr'>Creon</span> <span class='ocrx_word' id='word_1_206' title='bbox 443 3059 517 3102; x_wconf 87' lang='lat' dir='ltr'>vero</span> <span class='ocrx_word' id='word_1_207' title='bbox 530 3036 656 3102; x_wconf 85' lang='lat' dir='ltr'>videtur</span> <span class='ocrx_word' id='word_1_208' title='bbox 671 3059 812 3102; x_wconf 82' lang='lat' dir='ltr'>meorum</span> <span class='ocrx_word' id='word_1_209' title='bbox 826 3037 1009 3121; x_wconf 80' lang='lat' dir='ltr'>nuptiarum</span> 
     </span>
     <span class='ocr_line' id='line_1_34' title="bbox 321 3121 1155 3208; baseline 0 -22"><span class='ocrx_word' id='word_1_210' title='bbox 321 3121 365 3186; x_wconf 84' lang='lat' dir='ltr'>Et</span> <span class='ocrx_word' id='word_1_211' title='bbox 379 3121 493 3187; x_wconf 87' lang='lat' dir='ltr'>horum</span> <span class='ocrx_word' id='word_1_212' title='bbox 508 3121 663 3187; x_wconf 80' lang='lat' dir='ltr'>mulorum</span> <span class='ocrx_word' id='word_1_213' title='bbox 679 3123 793 3208; x_wconf 90' lang='lat' dir='ltr'>OEdipi</span> <span class='ocrx_word' id='word_1_214' title='bbox 807 3145 918 3208; x_wconf 81' lang='lat' dir='ltr'>poenes</span> <span class='ocrx_word' id='word_1_215' title='bbox 931 3122 1018 3188; x_wconf 85' lang='lat' dir='ltr'>luere</span> <span class='ocrx_word' id='word_1_216' title='bbox 1031 3121 1155 3199; x_wconf 76' lang='lat' dir='ltr'>infelix,</span> 
     </span>
     <span class='ocr_line' id='line_1_35' title="bbox 321 3207 954 3296; baseline 0 -23"><span class='ocrx_word' id='word_1_217' title='bbox 321 3207 404 3273; x_wconf 84' lang='lat' dir='ltr'>Filio</span> <span class='ocrx_word' id='word_1_218' title='bbox 419 3211 569 3294; x_wconf 75' lang='lat' dir='ltr'>privatus,</span> <span class='ocrx_word' id='word_1_219' title='bbox 585 3209 656 3274; x_wconf 91' lang='lat' dir='ltr'>urbi</span> <span class='ocrx_word' id='word_1_220' title='bbox 671 3210 799 3296; x_wconf 88' lang='lat' dir='ltr'>quidem</span> <span class='ocrx_word' id='word_1_221' title='bbox 813 3207 954 3287; x_wconf 87' lang='lat' dir='ltr'>feliciter,</span> 
     </span>
     <span class='ocr_line' id='line_1_36' title="bbox 319 3294 1399 3380; baseline 0.006 -21"><span class='ocrx_word' id='word_1_222' title='bbox 319 3294 473 3360; x_wconf 83' lang='lat' dir='ltr'>Privatim</span> <span class='ocrx_word' id='word_1_223' title='bbox 488 3317 563 3360; x_wconf 84' lang='lat' dir='ltr'>vero</span> <span class='ocrx_word' id='word_1_224' title='bbox 576 3295 695 3360; x_wconf 75' lang='lat' dir='ltr'>acerbe.</span> <span class='ocrx_word' id='word_1_225' title='bbox 742 3296 804 3364; x_wconf 87' lang='lat' dir='ltr'>Sed</span> <span class='ocrx_word' id='word_1_226' title='bbox 821 3309 947 3362; x_wconf 79' lang='lat' dir='ltr'>narrato</span> <span class='ocrx_word' id='word_1_227' title='bbox 962 3294 1040 3360; x_wconf 90' lang='lat' dir='ltr'>mihi</span> <span class='ocrx_word' id='word_1_228' title='bbox 1053 3295 1213 3380; x_wconf 78' lang='lat' dir='ltr'>deinceps,</span> <span class='ocrx_word' id='word_1_229' title='bbox 1239 3303 1323 3364; x_wconf 75' lang='lat'>1210</span> <span class='ocrx_word' id='word_1_230' title='bbox 1398 3333 1399 3366; x_wconf 80' lang='lat' dir='ltr'>l</span> 
     </span>
     <span class='ocr_line' id='line_1_37' title="bbox 320 3379 1399 3480; baseline 0.003 -36"><span class='ocrx_word' id='word_1_231' title='bbox 320 3379 409 3459; x_wconf 87' lang='lat' dir='ltr'>Quid</span> <span class='ocrx_word' id='word_1_232' title='bbox 424 3393 495 3467; x_wconf 90' lang='lat' dir='ltr'>post</span> <span class='ocrx_word' id='word_1_233' title='bbox 507 3379 578 3446; x_wconf 84' lang='lat' dir='ltr'>haeo</span> <span class='ocrx_word' id='word_1_234' title='bbox 592 3381 648 3445; x_wconf 85' lang='lat' dir='ltr'>filii</span> <span class='ocrx_word' id='word_1_235' title='bbox 663 3383 726 3448; x_wconf 86' lang='lat' dir='ltr'>mei</span> <span class='ocrx_word' id='word_1_236' title='bbox 740 3382 842 3449; x_wconf 81' lang='lat' dir='ltr'>fecere</span> <span class='ocrx_word' id='word_1_237' title='bbox 856 3382 1032 3448; x_wconf 78' lang='lat' dir='ltr'>statuerint.</span> <span class='ocrx_word' id='word_1_238' title='bbox 1398 3419 1399 3480; x_wconf 53' lang='lat' dir='ltr'>q</span> 
     </span>
     <span class='ocr_line' id='line_1_38' title="bbox 233 3466 1399 3555; baseline 0.001 -24"><span class='ocrx_word' id='word_1_239' title='bbox 233 3466 443 3532; x_wconf 74' lang='lat' dir='ltr'>sunomne</span> <span class='ocrx_word' id='word_1_240' title='bbox 456 3467 593 3554; x_wconf 63' lang='lat' dir='ltr'>reliqum</span> <span class='ocrx_word' id='word_1_241' title='bbox 616 3491 740 3555; x_wconf 84' lang='lat' dir='ltr'>semper</span> <span class='ocrx_word' id='word_1_242' title='bbox 755 3469 840 3534; x_wconf 87' lang='lat' dir='ltr'>enirn</span> <span class='ocrx_word' id='word_1_243' title='bbox 856 3469 918 3534; x_wconf 86' lang='lat' dir='ltr'>buc</span> <span class='ocrx_word' id='word_1_244' title='bbox 933 3491 1033 3554; x_wconf 86' lang='lat' dir='ltr'>usque</span> <span class='ocrx_word' id='word_1_245' title='bbox 1045 3490 1078 3533; x_wconf 89' lang='lat' dir='ltr'>es</span> <span class='ocrx_word' id='word_1_246' title='bbox 1092 3467 1262 3534; x_wconf 74' lang='lat' dir='ltr'>fortunate</span> <span class='ocrx_word' id='word_1_247' title='bbox 1398 3507 1399 3532; x_wconf 75' lang='lat' dir='ltr'>t</span> 
     </span>
     <span class='ocr_line' id='line_1_39' title="bbox 231 3552 1104 3641; baseline 0 -21"><span class='ocrx_word' id='word_1_248' title='bbox 231 3574 302 3620; x_wconf 78' lang='lat' dir='ltr'>soc.</span> <span class='ocrx_word' id='word_1_249' title='bbox 319 3552 396 3618; x_wconf 88' lang='lat' dir='ltr'>Hoc</span> <span class='ocrx_word' id='word_1_250' title='bbox 410 3554 525 3632; x_wconf 71' lang='lat' dir='ltr'>dixisti¹</span> <span class='ocrx_word' id='word_1_251' title='bbox 534 3557 720 3641; x_wconf 80' lang='lat' dir='ltr'>suspiciose;</span> <span class='ocrx_word' id='word_1_252' title='bbox 742 3577 807 3620; x_wconf 89' lang='lat' dir='ltr'>non</span> <span class='ocrx_word' id='word_1_253' title='bbox 821 3567 869 3618; x_wconf 88' lang='lat' dir='ltr'>eet</span> <span class='ocrx_word' id='word_1_254' title='bbox 883 3555 1104 3620; x_wconf 88' lang='lat' dir='ltr'>omittendum.</span> 
     </span>
     <span class='ocr_line' id='line_1_40' title="bbox 232 3638 1399 3728; baseline 0.002 -24"><span class='ocrx_word' id='word_1_255' title='bbox 232 3638 409 3720; x_wconf 71' lang='lat' dir='ltr'>ntquuid</span> <span class='ocrx_word' id='word_1_256' title='bbox 426 3641 471 3704; x_wconf 88' lang='lat' dir='ltr'>vis</span> <span class='ocrx_word' id='word_1_257' title='bbox 487 3643 584 3728; x_wconf 76' lang='lat' dir='ltr'>majus</span> <span class='ocrx_word' id='word_1_258' title='bbox 599 3640 723 3720; x_wconf 78' lang='lat' dir='ltr'>hebere,</span> <span class='ocrx_word' id='word_1_259' title='bbox 739 3661 834 3728; x_wconf 83' lang='lat' dir='ltr'>quem</span> <span class='ocrx_word' id='word_1_260' title='bbox 849 3639 931 3706; x_wconf 82' lang='lat' dir='ltr'>filios</span> <span class='ocrx_word' id='word_1_261' title='bbox 945 3638 1073 3705; x_wconf 80' lang='lat' dir='ltr'>salvos?</span> <span class='ocrx_word' id='word_1_262' title='bbox 1398 3701 1399 3714; x_wconf 67' lang='grc'>,</span> 
     </span>
     <span class='ocr_line' id='line_1_41' title="bbox 230 3723 1290 3813; baseline -0.003 -21"><span class='ocrx_word' id='word_1_263' title='bbox 230 3745 304 3792; x_wconf 75' lang='lat' dir='ltr'>roc.</span> <span class='ocrx_word' id='word_1_264' title='bbox 321 3730 373 3791; x_wconf 86' lang='lat' dir='ltr'>An</span> <span class='ocrx_word' id='word_1_265' title='bbox 389 3739 420 3794; x_wconf 86' lang='lat' dir='ltr'>et</span> <span class='ocrx_word' id='word_1_266' title='bbox 435 3727 467 3792; x_wconf 89' lang='lat' dir='ltr'>iu</span> <span class='ocrx_word' id='word_1_267' title='bbox 482 3741 643 3812; x_wconf 86' lang='lat' dir='ltr'>posterum</span> <span class='ocrx_word' id='word_1_268' title='bbox 659 3750 787 3813; x_wconf 86' lang='lat' dir='ltr'>prorsus</span> <span class='ocrx_word' id='word_1_269' title='bbox 801 3727 859 3791; x_wconf 89' lang='lat' dir='ltr'>sim</span> <span class='ocrx_word' id='word_1_270' title='bbox 875 3725 987 3792; x_wconf 80' lang='lat' dir='ltr'>future</span> <span class='ocrx_word' id='word_1_271' title='bbox 994 3725 1072 3793; x_wconf 84' lang='lat' dir='ltr'>felix</span> <span class='ocrx_word' id='word_1_272' title='bbox 1085 3723 1196 3791; x_wconf 75' lang='lat' dir='ltr'>audire</span> <span class='ocrx_word' id='word_1_273' title='bbox 1211 3726 1290 3790; x_wconf 81' lang='lat' dir='ltr'>odo.</span> 
     </span>
     <span class='ocr_line' id='line_1_42' title="bbox 232 3807 1399 3900; baseline 0 -24"><span class='ocrx_word' id='word_1_274' title='bbox 232 3812 452 3879; x_wconf 75' lang='lat' dir='ltr'>svumDimitte</span> <span class='ocrx_word' id='word_1_275' title='bbox 466 3835 534 3878; x_wconf 75' lang='lat' dir='ltr'>met</span> <span class='ocrx_word' id='word_1_276' title='bbox 557 3811 640 3876; x_wconf 87' lang='lat' dir='ltr'>lilius</span> <span class='ocrx_word' id='word_1_277' title='bbox 654 3826 726 3878; x_wconf 88' lang='lat' dir='ltr'>tuns</span> <span class='ocrx_word' id='word_1_278' title='bbox 741 3828 787 3879; x_wconf 86' lang='lat' dir='ltr'>est</span> <span class='ocrx_word' id='word_1_279' title='bbox 803 3815 961 3900; x_wconf 77' lang='lat' dir='ltr'>armigero</span> <span class='ocrx_word' id='word_1_280' title='bbox 974 3812 1153 3878; x_wconf 85' lang='lat' dir='ltr'>destitutus.</span> <span class='ocrx_word' id='word_1_281' title='bbox 1398 3807 1399 3816; x_wconf 70' lang='grc'>’</span> 
     </span>
     <span class='ocr_line' id='line_1_43' title="bbox 229 3898 1149 3984; baseline 0 -20"><span class='ocrx_word' id='word_1_282' title='bbox 229 3919 300 3964; x_wconf 78' lang='lat' dir='ltr'>soc.</span> <span class='ocrx_word' id='word_1_283' title='bbox 316 3899 455 3984; x_wconf 86' lang='lat' dir='ltr'>Aliquod</span> <span class='ocrx_word' id='word_1_284' title='bbox 471 3899 589 3975; x_wconf 83' lang='lat' dir='ltr'>melum</span> <span class='ocrx_word' id='word_1_285' title='bbox 604 3898 742 3966; x_wconf 78' lang='lat' dir='ltr'>occultes</span> <span class='ocrx_word' id='word_1_286' title='bbox 756 3913 788 3966; x_wconf 90' lang='lat' dir='ltr'>et</span> <span class='ocrx_word' id='word_1_287' title='bbox 802 3898 934 3967; x_wconf 85' lang='lat' dir='ltr'>involvis</span> <span class='ocrx_word' id='word_1_288' title='bbox 948 3899 1095 3966; x_wconf 82' lang='lat' dir='ltr'>tenebris.</span> <span class='ocrx_word' id='word_1_289' title='bbox 1147 3969 1149 3972; x_wconf 64' lang='grc'><strong>,</strong></span> 
     </span>
     <span class='ocr_line' id='line_1_44' title="bbox 318 3983 1015 4084; baseline 0.006 -36"><span class='ocrx_word' id='word_1_290' title='bbox 318 3983 525 4084; x_wconf 76' lang='lat' dir='ltr'>Nequaquam</span> <span class='ocrx_word' id='word_1_291' title='bbox 541 3984 644 4050; x_wconf 77' lang='lat' dir='ltr'>dicam</span> <span class='ocrx_word' id='word_1_292' title='bbox 659 3999 731 4070; x_wconf 86' lang='lat' dir='ltr'>post</span> <span class='ocrx_word' id='word_1_293' title='bbox 744 3986 830 4051; x_wconf 85' lang='lat' dir='ltr'>bonu</span> <span class='ocrx_word' id='word_1_294' title='bbox 844 4000 909 4063; x_wconf 84' lang='lat' dir='ltr'>tue,</span> <span class='ocrx_word' id='word_1_295' title='bbox 923 3985 1015 4052; x_wconf 82' lang='lat' dir='ltr'>mule.</span> 
     </span>
     <span class='ocr_line' id='line_1_45' title="bbox 229 4069 940 4160; baseline 0.001 -25"><span class='ocrx_word' id='word_1_296' title='bbox 229 4090 303 4153; x_wconf 73' lang='lat' dir='ltr'>qoc.</span> <span class='ocrx_word' id='word_1_297' title='bbox 320 4069 389 4134; x_wconf 85' lang='lat' dir='ltr'>Niu</span> <span class='ocrx_word' id='word_1_298' title='bbox 404 4069 483 4136; x_wconf 81' lang='lat' dir='ltr'>forte</span> <span class='ocrx_word' id='word_1_299' title='bbox 496 4073 619 4160; x_wconf 82' lang='lat' dir='ltr'>fugiens</span> <span class='ocrx_word' id='word_1_300' title='bbox 632 4073 764 4138; x_wconf 83' lang='lat' dir='ltr'>evsserie</span> <span class='ocrx_word' id='word_1_301' title='bbox 778 4073 812 4138; x_wconf 89' lang='lat' dir='ltr'>in</span> <span class='ocrx_word' id='word_1_302' title='bbox 827 4093 940 4138; x_wconf 82' lang='lat' dir='ltr'>serem.</span> 
     </span>
     <span class='ocr_line' id='line_1_46' title="bbox 230 4155 1325 4260; baseline 0.005 -42"><span class='ocrx_word' id='word_1_303' title='bbox 230 4157 405 4235; x_wconf 76' lang='lat' dir='ltr'>numHeu,</span> <span class='ocrx_word' id='word_1_304' title='bbox 423 4155 504 4222; x_wconf 88' lang='lat' dir='ltr'>beul</span> <span class='ocrx_word' id='word_1_305' title='bbox 528 4179 629 4260; x_wconf 78' lang='lat' dir='ltr'>quare</span> <span class='ocrx_word' id='word_1_306' title='bbox 642 4179 693 4222; x_wconf 89' lang='lat' dir='ltr'>me</span> <span class='ocrx_word' id='word_1_307' title='bbox 707 4179 773 4224; x_wconf 88' lang='lat' dir='ltr'>nou</span> <span class='ocrx_word' id='word_1_308' title='bbox 787 4157 863 4224; x_wconf 83' lang='lat' dir='ltr'>sinis</span> <span class='ocrx_word' id='word_1_309' title='bbox 878 4169 947 4244; x_wconf 92' lang='lat' dir='ltr'>post</span> <span class='ocrx_word' id='word_1_310' title='bbox 960 4156 1070 4222; x_wconf 81' lang='lat' dir='ltr'>laetum</span> <span class='ocrx_word' id='word_1_311' title='bbox 1236 4161 1325 4224; x_wconf 71' lang='lat'>1220</span> 
     </span>
    </p>
   </div>
   <div class='ocr_carea' id='block_1_3' title="bbox 315 4238 1024 4322">
    <p class='ocr_par' dir='ltr' id='par_1_3' title="bbox 315 4238 1024 4322">
     <span class='ocr_line' id='line_1_47' title="bbox 315 4238 1024 4322; baseline -0.001 -15"><span class='ocrx_word' id='word_1_312' title='bbox 315 4238 477 4312; x_wconf 86' lang='lat' dir='ltr'>Nunciurn</span> <span class='ocrx_word' id='word_1_313' title='bbox 492 4247 589 4322; x_wconf 78' lang='lat' dir='ltr'>obire,</span> <span class='ocrx_word' id='word_1_314' title='bbox 604 4243 660 4310; x_wconf 83' lang='lat' dir='ltr'>sed</span> <span class='ocrx_word' id='word_1_315' title='bbox 676 4244 720 4311; x_wconf 85' lang='lat' dir='ltr'>vis</span> <span class='ocrx_word' id='word_1_316' title='bbox 733 4266 785 4312; x_wconf 90' lang='lat' dir='ltr'>rne</span> <span class='ocrx_word' id='word_1_317' title='bbox 798 4243 904 4312; x_wconf 82' lang='lat' dir='ltr'>dicere</span> <span class='ocrx_word' id='word_1_318' title='bbox 918 4239 1024 4312; x_wconf 78' lang='lat' dir='ltr'>melei</span> 
     </span>
    </p>
   </div>
   <div class='ocr_carea' id='block_1_4' title="bbox 0 0 1406 4858">
    <p class='ocr_par' dir='ltr' id='par_1_4' title="bbox 0 0 1406 4858">
     <span class='ocr_line' id='line_1_48' title="bbox 0 0 1406 4858; baseline 0 1"><span class='ocrx_word' id='word_1_319' title='bbox 0 0 1406 4858; x_wconf 95' lang='lat' dir='ltr'> </span> 
     </span>
    </p>
   </div>
  </div>
 </body>
</html>
