2784 4864
628 97 958 224 Ennrrlnis

332 327 464 405 Misere,
479 327 585 394 destiti
598 348 667 412 prin
681 327 802 399 dolore

330 415 566 481 Dioscurorum
582 413 741 480 Helenam
751 435 905 490 sororem,
917 413 951 480 1-
1215 419 1361 500 (epod.)

330 501 499 586 deumque
512 512 672 586 pestorem
687 501 858 570 exitiosum
873 499 968 568 Parin
982 501 1176 571 afflictioni

331 589 434 666 Dens,
451 588 602 673 quoniam
616 609 667 652 me
682 603 766 654 terre

330 677 384 740 Ex
398 675 502 760 petrin
516 674 655 760 perdidit

332 761 599 914 &puli‘qu‘sg
628 759 752 826 nedibus
786 757 1035 836 matrimonium,
1070 781 1137 826 nou
1173 763 1370 830 matrimo-

416 869 517 926 mum,

331 935 500 1002 Doemonis
513 933 692 1022 affligendis
706 931 854 1019 quedem
870 931 1049 1000 celemion:

330 1023 438 1092 Quem
448 1023 567 1086 nimam
573 1043 677 1105 neque
687 1019 817 1107 pelagus
827 1017 1282 1100 merinnmreducetiterum,
1292 1031 1369 1088 9³0

332 1107 363 1172 N
405 1131 446 1172 ue
458 1107 594 1194 petriam
611 1107 714 1172 veniet
729 1107 760 1169 in
776 1105 917 1169 domum.

246 1217 317 1261 ron.
330 1194 363 1260 Ο
378 1217 396 1258 c
454 1195 559 1262 issime
573 1194 712 1258 virorum
728 1191 866 1268 Penne,
880 1190 1126 1276 mitissimaque
1140 1203 1187 1270 tn,

326 1280 480 1358 Hecuba,
495 1281 676 1367 illncrymor
690 1293 721 1344 te
734 1279 861 1344 intueris
877 1278 1051 1364 urbemque
1065 1291 1166 1360 tunm,

333 1366 494 1454 Heneque
507 1367 605 1432 modo
618 1381 777 1430 mortuam
793 1377 921 1448 gustum
937 1377 1037 1450 nram.

331 1454 398 1532 An,
414 1476 479 1518 non
494 1464 540 1519 est
554 1453 725 1540 quicquam
740 1465 857 1528 summ,
870 1473 974 1538 neque
987 1451 1102 1536 gioria,

333 1541 446 1626 Neque
459 1562 583 1604 rursum
598 1560 682 1616 eum,
694 1537 839 1624 qui.selix
851 1552 908 1615 eet,
920 1559 986 1602 non
999 1536 1145 1604 futurum
1156 1538 1344 1606 infelicem.

334 1626 398 1692 Sed
409 1625 542 1692 miscent
554 1647 602 1690 res
616 1625 675 1690 Dii
687 1639 850 1689 antrosum
863 1638 899 1689 et
911 1637 1096 1702 retrorsum,

333 1710 558 1778 Confissionem
575 1712 782 1796 imponentes,
797 1722 830 1776 nt
835 1709 937 1793 sotini
945 1711 1072 1776 inscitie

333 1798 484 1866 commus
500 1798 577 1862 illos
622 1797 689 1872 ,Sed
702 1795 775 1864 hmo
786 1797 1006 1884 quidemquid
1021 1797 1134 1862 attinet
1215 1839 1220 1848 ·

329 1885 469 1974 Lugere,
484 1897 724 1969 promoventem
741 1884 820 1966 nihii
834 1885 867 1950 in
879 1882 970 1949 malis
984 1881 1150 1967 pristinis?
1284 1895 1359 1952 940

332 1971 387 2036 Tu
400 1993 476 2036 vero
490 1971 517 2036 si
531 1970 609 2056 quid
623 1971 746 2035 incuses
760 1992 863 2034 meam
879 1969 1065 2050 absentiam,

331 2057 486 2135 Quiesce:
508 2078 595 2122 erem
609 2058 693 2120 enim
709 2057 742 2120 in
757 2055 869 2120 meliis
884 2055 1034 2121 T'hcncie
1048 2055 1167 2122 finibus

331 2143 470 2221 Absens,
484 2142 614 2231 quando
629 2143 740 2208 venisti
756 2143 837 2208 hnc:
860 2143 916 2207 sed
930 2157 1101 2229 postquem
1115 2141 1210 2224 redii,

329 2231 403 2296 Jem
478 2251 530 2296 em
544 2245 636 2294 extre
648 2228 779 2294 domum
795 2228 920 2294 tollenti
928 2229 1009 2292 mihi

334 2317 386 2383 Ad
400 2316 412 2380 i
435 2337 486 2382 em
499 2313 571 2380 haec
584 2315 734 2380 coincidit
749 2314 864 2382 ancille
880 2328 948 2394 tun,

330 2403 453 2469 Dicens
468 2423 639 2480 sermones,
654 2425 734 2488 quos
749 2401 976 2468 audiensveni.

245 2488 494 2559 necAEruboeoo
507 2489 624 2554 intueri
638 2503 669 2552 te
682 2487 860 2565 adversum,

331 2575 540 2661 Polymestor‚
554 2575 587 2640 in
602 2576 698 2640 tontis
710 2575 883 2640 constitute
897 2573 999 2640 melis.

329 2662 392 2728 Cui
406 2662 491 2728 enim
506 2677 675 2746 conspecta
688 2683 759 2726 sum
774 2661 906 2730 feliciter
920 2682 1027 2748 agens,
1042 2659 1148 2744 pudor
1161 2683 1216 2728 me
1230 2673 1338 2740 tenet,

330 2747 524 2816 lnhocseto
537 2751 651 2834 posite,
667 2748 919 2824 ubinuncsum,
1278 2757 1349 2816 950

330 2835 446 2923 Neque
459 2857 573 2920 queem
589 2836 731 2921 aspicere
744 2848 776 2898 te
789 2833 883 2898 rectis
896 2832 1034 2919 pupillis.

329 2922 396 2988 Sed
408 2921 470 2986 hoc
484 2921 589 3006 ipsum
602 2943 669 2985 non
684 2919 936 2988 melevoleotium
951 2941 1014 2985 esre
1026 2919 1123 2984 duces
1136 2941 1215 3005 erge
1225 2934 1271 3002 te,

329 3007 546 3096 Polymestor:
569 3007 660 3072 Alios
670 3029 746 3072 vero
758 3029 854 3072 cause
867 3006 1019 3093 quoednm
1024 3021 1058 3071 et
1069 3004 1125 3070 lex
1138 3019 1197 3085 est,

330 3092 534 3171 Mulieribus,
549 3095 633 3158 viros
648 3115 690 3158 ne
699 3093 856 3178 espicinnt
865 3113 908 3158 ex
922 3091 1064 3158 edverro.

242 3197 317 3246 eor.
330 3181 374 3245 Et
386 3181 503 3246 mirum
518 3201 594 3244 sene
607 3180 709 3244 nibil:
732 3178 786 3244 sed
800 3179 871 3266 quis
885 3199 962 3244 nnus
974 3179 1034 3246 tibi
1047 3177 1136 3244 mei?

301 3301 305 3308 ·
329 3265 464 3351 Propter
472 3265 561 3354 quod
571 3269 733 3354 negotium
743 3265 882 3332 evocasti
889 3285 998 3330 mum
1007 3287 1052 3330 cx
1063 3263 1188 3332 edibus
1196 3263 1346 3352 pedem?

243 3373 322 3419 nnc
329 3351 484 3418 Privatim
496 3352 660 3438 meiipsins
674 3375 750 3418 sene
763 3350 916 3453 quiddam
929 3351 973 3416 ed
986 3365 1018 3417 te
1032 3351 1106 3418 volo

328 3439 372 3504 Et
381 3437 497 3505 liberos
509 3438 618 3504 dicere
631 3453 718 3504 tuos:
741 3439 901 3504 minim
915 3459 990 3504 vero
1005 3437 1083 3503 mihi

325 3526 504 3612 &paratim
513 3525 593 3610 jube
604 3525 648 3590 eh
661 3525 712 3590 his
724 3523 1064 3590 obmodesedomibus.

241 3631 311 3676 rot.
326 3610 510 3678 nimine
532 3611 565 3676 in
580 3625 651 3676 tuto
664 3609 996 3678 enimhsecsolitndo.
1273 3621 1340 3679 960

327 3697 444 3764 Amice
456 3696 585 3786 quidem
599 3697 692 3764 nobis
705 3721 739 3762 es
753 3711 800 3775 tn,
814 3699 936 3763 emices
947 3719 1025 3762 reno
1039 3695 1119 3762 mihi

328 3781 496 3850 Exercitus
510 3783 718 3850 Achenum.
762 3783 827 3851 Sed
840 3783 1028 3852 mdimete
1042 3782 1203 3866 enorme,

325 3867 412 3940 Quid
425 3883 574 3956 oportent
584 3867 669 3938 felici
681 3869 810 3937 metum
823 3883 965 3938 utentur
978 3891 1046 3936 non
1057 3868 1144 3936 felici
1159 3872 1326 3938 uerutus

325 3955 445 4020 Amicis
458 3969 629 4042 prestere:
652 3979 726 4023 nem
739 3969 870 4044 pereto·
883 3979 954 4024 snm
968 3979 1040 4046 ego.

239 4040 473 4108 nnl’rimum
487 4042 1162 4134 qomemdietnomqomnoeomu

326 4126 525 4216 Polydorum
537 4153 640 4218 exque
652 4133 752 4220 petris
764 4144 943 4216 receptum,
956 4131 992 4196 in
1005 4129 1156 4198 domibus
1167 4127 1282 4210 hebes,

325 4215 378 4280 An
391 4215 492 4284 rivet:
515 4217 578 4284 elie
591 4215 707 4284 deiude
722 4229 754 4282 te
771 4217 986 4304 interroqcbo
