2882 4858
523 185 779 254 HELENA.
1136 193 1196 252 att

202 355 340 434 Helena,
355 357 497 422 consedit
511 358 544 422 iu
558 357 670 424 medii·
684 357 837 438 transtris,

203 441 245 508 Et
259 443 318 527 qui
328 443 430 508 rarbia
445 465 509 508 uon
524 443 659 529 amplius
677 459 745 509 erat
761 440 928 510 Menelaus
942 463 1043 530 prope
1057 463 1133 508 eom.

203 527 267 592 Alii
282 549 358 592 vero
370 530 401 593 ia
412 529 526 596 dextro
540 531 670 616 pariete,
684 543 717 596 et
730 529 860 594 totidem
875 529 907 592 in
924 529 1060 608 sinistro,

202 613 261 678 Vir
276 615 361 700 apud
377 617 478 680 virum
493 617 654 697 sedebant,
670 619 728 681 sub
742 616 880 680 vestibus
893 614 1015 702 gladios

203 700 338 766 abditos
354 701 514 780 babentes,
529 716 596 768 tutu
611 724 687 766 vero
701 701 796 766 undae
811 701 1037 786 impletarum

202 786 361 864 Clamore,
378 801 412 854 ut
425 789 601 854 audivimus
612 787 756 854 oeieuatoe
771 809 892 852 rocem.

203 873 287 938 Cum
302 889 406 938 autem
423 897 486 940 non
502 875 673 940 admodum
690 872 801 958 procul
815 893 984 938 etaemuaa
1000 887 1092 952 terra,

203 957 315 1044 Neque
330 981 438 1046 prope,
453 961 497 1026 uic
512 961 718 1048 interrogavit
731 973 836 1026 cuatoa
849 957 1071 1047 gubernaculi:

202 1047 253 1109 An
270 1046 375 1110 adhuc
392 1048 531 1124 ulterius,
547 1048 579 1113 Ο
593 1047 717 1132 hospes,
732 1068 773 1112 au
788 1069 857 1112 uero
871 1059 954 1110 recta
967 1045 1063 1110 habet
1076 1065 1133 1120 rer,

203 1131 456 1217 Navigabimua?
477 1155 549 1198 uam
564 1132 752 1218 gubernatio
762 1131 850 1196 uaria
861 1130 939 1196 mihi
948 1145 994 1196 eat
1004 1152 1101 1196 curte.
1117 1137 1200 1196 1⁵80
1250 1194 1253 1215 ,

202 1215 261 1282 ille
275 1240 349 1284 tero
363 1217 453 1298 dixit,
465 1220 538 1284 satia
553 1231 597 1284 eat
611 1219 704 1284 mihi:
728 1233 760 1284 et
773 1217 1043 1304 dextraarripieua
1057 1215 1198 1300 gladium

203 1303 396 1388 admoram
412 1306 584 1382 contendit,
600 1319 632 1370 et
646 1304 686 1370 ad
696 1305 842 1394 jugulum
859 1303 1016 1369 taurinum

203 1389 307 1466 suns,
327 1390 441 1455 nullius
455 1392 581 1478 quidem
597 1391 714 1456 mortui
728 1391 921 1456 mentionem
935 1388 1061 1464 facient,

202 1475 265 1540 Sed
281 1497 388 1540 secam
402 1491 513 1564 guttur
526 1490 671 1564 precatus
686 1491 749 1542 eat:
775 1475 869 1560 Oqui
883 1473 1003 1540 babitus
1017 1477 1049 1540 iu
1065 1475 1146 1540 mori

203 1562 330 1626 Mutina
343 1563 482 1645 Neptune
495 1573 525 1628 et
538 1575 631 1628 cnttae
636 1563 715 1644 filia
731 1563 832 1640 Nerei,

203 1647 327 1714 Servate
341 1671 386 1712 nte
400 1652 442 1712 od
456 1651 538 1714 littus
556 1649 719 1732 Nauplion
734 1659 762 1712 et
776 1646 934 1734 conjugem

201 1735 382 1798 incolumem
395 1758 433 1800 eu
446 1733 506 1800 hac
521 1747 609 1800 turo.
656 1734 774 1800 Fluxus
788 1749 892 1799 autem
905 1732 1065 1820 sanguinis

202 1819 363 1886 Saiiebant
378 1823 409 1884 in
425 1843 548 1908 aquom,
565 1821 693 1886 secundi
709 1842 817 1885 cursus
831 1841 923 1884 otuen
939 1818 1065 1902 hospiti.

203 1905 246 1972 Et
260 1905 373 1992 aliquis
387 1905 447 1972 boc
462 1907 561 1976 dixit:
584 1907 694 1972 doioaa
708 1919 752 1972 ut
762 1906 831 1972 baac
847 1905 1026 1992 navigatio:

204 1991 303 2056 Retro
318 1996 498 2080 navigemus
513 1994 662 2070 domum
685 1991 853 2058 celeuatam
869 2013 928 2078 age
943 2003 994 2054 tu:
1114 1995 1196 2054 1590

200 2077 255 2143 Tu
271 2100 344 2143 vero
359 2093 444 2144 verte
457 2079 715 2166 gubernaculum.
761 2077 824 2144 Sed
839 2100 857 2141 a
871 2076 959 2142 crede
973 2075 1054 2142 tauri

202 2162 268 2229 Ubi
284 2165 370 2228 stetit
385 2165 466 2230 filius
481 2167 579 2241 Atrei,
596 2166 717 2230 vocavit
731 2185 801 2228 auor
814 2164 933 2228 aocioa:

200 2249 291 2326 Quid
304 2251 506 2328 cunctamini,
523 2251 555 2316 Ο
569 2251 662 2317 florea
677 2251 823 2327 Graeciae,

199 2335 363 2421 iugulare,
379 2351 515 2403 mactare
530 2337 689 2416 bubum,
704 2337 805 2402 enati

202 2422 349 2509 Abjicera
362 2423 395 2486 in
409 2421 549 2510 aquam?
571 2427 631 2488 tuia
645 2443 720 2488 vero
733 2422 838 2488 nautia

202 2509 310 2574 Noster
322 2508 489 2594 praeiectua
503 2512 616 2576 clamat
632 2508 821 2574 contrariam
837 2527 957 2572 rocem.

201 2595 309 2660 Nonae
322 2596 401 2660 oliuu
413 2598 535 2680 quidam
547 2619 602 2679 pro
616 2597 832 2664 buctormtum
846 2592 992 2673 corripiet,

200 2681 291 2746 Alius
304 2679 657 2768 uerosrongerujugruu,
673 2682 752 2748 olim
765 2679 906 2766 auferens
919 2699 1028 2742 rermtm
1040 2696 1060 2739 o
1073 2674 1195 2752 nmmo,

200 2768 484 2850 ementatucaput
499 2769 644 2832 bominum
655 2767 899 2852 peregrinarum?
1127 2845 1133 2859 ¹

202 2851 323 2918 Omnes
348 2867 452 2918 autem
483 2853 566 2920 recti
584 2864 859 2928 consurrexerunt,
885 2848 930 2914 ilii
955 2847 1093 2934 quidem,
1119 2867 1143 2910 a.
1169 2867 1195 2908 e.

286 2939 437 3026 AEgyptit',
447 2939 480 3002 in
495 2941 640 3004 manibus
1112 2939 1194 2996 1600

202 3023 341 3090 Perticae
356 3025 507 3104 nauticas,
524 3023 557 3090 bi
572 3049 655 3104 term
669 3025 692 3092 i.
709 3049 735 3090 a.
753 3025 862 3100 Gracci,
876 3020 998 3109 gladio·
1012 3017 1173 3088 habentor.

202 3111 298 3176 Cede
313 3133 387 3176 vero
401 3112 488 3176 navia
501 3111 628 3177 fluebat.
673 3111 716 3176 Et
730 3123 797 3176 erat
810 3107 990 3174 adhortatio

202 3195 338 3262 Helenae
351 3219 390 3262 ea
406 3197 523 3284 puppi:
547 3197 601 3264 ubi
615 3209 658 3263 eat
672 3197 774 3285 gioria
789 3191 952 3280 Trojano?

201 3281 368 3348 Ostendite
382 3282 623 3386 ergabarbaroa
637 3283 796 3348 homines:
820 3279 894 3346 Prae
902 3278 1098 3344 festinatione
1111 3293 1185 3336 uero

201 3369 366 3434 Cadebant
381 3373 450 3448 olai,
466 3371 521 3456 qui
536 3392 609 3436 reru
623 3369 836 3458 erigebantur,
846 3367 987 3452 jacentes
1000 3363 1085 3428 illico
1098 3359 1156 3426 bot

201 3453 348 3520 Mortuoa
361 3456 497 3520 vidisses.
542 3455 709 3522 Menelaus
722 3475 798 3520 vero
812 3451 930 3518 babent
942 3471 1042 3527 arma,

161 3613 167 3632 Ι
201 3541 373 3627 Speculum
386 3543 439 3606 ubi
457 3543 634 3608 laborarent
648 3541 735 3622 socii,

202 3627 250 3692 Eo
264 3649 362 3692 mauu
375 3627 492 3693 dextra
503 3627 689 3694 admouebat
701 3625 853 3716 gladium,

199 3713 248 3778 Ita
264 3729 299 3778 ut
314 3715 584 3800 praecipitarentur
599 3715 694 3780 nostri
707 3737 725 3778 e
738 3712 828 3777 navi:
850 3709 1042 3792 nudavitque

202 3799 319 3865 Remos
333 3801 395 3866 tuis
410 3801 533 3866 nautia:
556 3801 629 3866 inde
643 3821 717 3864 cero
731 3797 771 3864 ad
785 3793 996 3888 gubernaculo
1016 3809 1197 3877 progressus

202 3885 389 3972 Remjutait
404 3887 435 3950 in
450 3887 611 3953 Graeciam
623 3885 760 3974 dirigere
774 3883 888 3949 navim.
1097 3881 1189 3978 '¹611

201 3971 250 4036 iili
266 3993 341 4037 vero
355 3971 508 4038 tollebant
521 3973 650 4050 maium,
666 3987 700 4038 et
712 3983 866 4036 venerunt
879 3964 1006 4032 secundi
1022 3975 1117 4039 veno,

201 4057 245 4123 Et
257 4057 303 4123 aio
316 4058 461 4124 abierunt
475 4083 493 4124 e
507 4073 608 4125 terra:
631 4081 691 4146 ego
704 4079 779 4122 vero
793 4053 945 4142 affirgiena
958 4072 1079 4131 necem,

201 4143 323 4210 Demisi
339 4166 389 4210 me
404 4143 435 4209 in
452 4147 642 4232 marejuxta
656 4143 837 4210 anchoram.

202 4229 413 4297 Laborantem
430 4253 505 4296 vero
514 4233 579 4317 jam
596 4253 647 4296 me
661 4229 788 4316 quidam
804 4227 938 4313 piscator
