2794 4862
347 213 795 283 suonomscns.
940 187 943 192 ’
1052 228 1117 288 sss

70 385 243 467 nonlulelix,
257 386 344 474 quoti
360 388 544 476 sgovmortis

135 475 385 560 Deprecstorium
400 495 526 540 carmen
543 475 724 540 inveniam?

67 560 256 626 mnPrerure
270 573 316 638 tu,
329 561 463 649 genibus
477 561 599 627 domini
1057 573 1120 634 520

134 646 401 732 Appropinqusns,
416 647 450 712 Ο
462 646 517 712 fili.
561 668 649 712 rron.
671 651 702 714 Ο
717 649 823 728 chere,

133 731 272 812 (lubere,
286 733 413 800 remitte
426 732 504 798 mihi
517 746 661 800 mortem.

63 821 280 906 ruuLiquesoo
294 819 440 906 lucrymis
453 820 600 905 pupillos,

134 907 217 994 Rigo,
233 919 382 992 tanquam
400 919 569 992 praeruptoe
583 907 671 991 rupis

128 993 223 1060 uuita
236 993 311 1058 solis
324 1013 437 1077 expers
452 993 566 1058 misera
579 1015 640 1080 ego
651 992 658 1058 l

58 1079 187 1144 nonllei
198 1079 289 1157 mibi,
304 1077 401 1143 mihil
426 1079 588 1165 quodnam
602 1102 663 1164 ego
677 1081 833 1146 melorum

131 1165 312 1234 Remedium
327 1165 511 1251 expeditum
525 1164 709 1230 inveniam?

55 1251 238 1328 ristuure
252 1252 292 1316 sd
309 1255 360 1316 nie
373 1250 517 1334 volveris,
532 1262 567 1318 ut
582 1251 622 1318 sd
638 1255 795 1317 murinum
810 1275 920 1320 sexum
977 1259 1059 1340 (ant.
1073 1257 1119 1336 t.)

129 1341 190 1404 rlut
202 1341 246 1402 ad
258 1337 390 1402 fluctum
403 1339 450 1403 sic
464 1338 611 1422 precibus
625 1339 831 1424 supplicans?

128 1425 297 1490 Nammeis
313 1437 486 1490 natussum
501 1425 759 1503 emolumentum,
1059 1437 1123 1496 ⁵30

129 1510 198 1576 Tibi
213 1533 289 1576 vero
301 1511 383 1575 nihil
395 1511 482 1598 qnod
499 1534 549 1576 me
562 1512 709 1578 conciliet
726 1512 836 1592 babeo,
853 1513 1008 1602 siquidem

127 1597 320 1683 Consumpta
334 1620 450 1684 mogus
465 1611 554 1684 purte
568 1619 648 1662 meoe
662 1600 746 1679 vitae,

127 1683 252 1770 Trojsm
268 1685 346 1768 cepi,
362 1698 395 1749 et
407 1697 495 1749 tuam
512 1697 663 1750 matrem:

126 1769 197 1847 Qus
210 1769 317 1835 fruens

126 1856 176 1922 nd
192 1856 360 1921 Plutonem
376 1854 533 1921 infernum
549 1855 730 1922 descendes.

39 1965 118 2010 ono.
129 1944 223 2030 Atqui
239 1942 432 2008 videohunc
448 1942 576 2008 Peleum
592 1965 694 2030 prope
707 1965 770 2020 uos,

127 2029 266 2116 Propere
279 2029 465 2116 dirigentem
481 2029 544 2094 buc
558 2029 686 2095 senilem
699 2032 822 2114 pedem.

33 2137 110 2182 rm..
124 2117 186 2180 Vos
200 2117 373 2204 interrogo,
386 2129 418 2180 et
430 2115 517 2180 hunc
531 2117 632 2181 caedis
642 2139 672 2180 m
717 2118 838 2194 strum,

123 2201 212 2279 Quid
227 2201 298 2266 haee
309 2215 341 2266 st
355 2202 540 2288 quomodo?
562 2225 656 2288 quum
672 2139 855 2268 :prmum
869 2201 1004 2268 laboret·

118 2287 268 2354 Domus?
289 2289 365 2374 quid
380 2289 472 2375 egiris
483 2289 630 2354 iacientes
645 2291 707 2354 lraec
721 2291 787 2370 sine
801 2287 944 2354 ‘udicioi
1061 2297 1124 2358 540

122 2375 282 2452 Menelue‚
297 2389 445 2460 expecto:
467 2397 508 2440 ns
521 2397 658 2461 propere
672 2377 738 2440 sine
748 2313 881 2461 judicio.

121 2461 275 2527 Praeoede
289 2475 324 2526 tu
339 2462 449 2538 citius3
471 2461 557 2526 hsud
571 2463 666 2542 euim,
683 2477 717 2529 ut
732 2463 855 2528 videtur
870 2461 959 2540 mihi,

120 2547 255 2614 Morum
270 2549 339 2613 lraec
354 2571 408 2612 res·
419 2550 553 2634 requirit,
568 2549 621 2614 sed
634 2550 773 2635 juvenile

122 2635 240 2700 Robur
254 2635 349 2720 cupio
364 2637 514 2721 recipere,
530 2636 557 2698 si
572 2657 711 2722 unquam
725 2636 810 2700 nlius.

118 2722 266 2786 Primum
281 2721 408 2807 quidem
424 2723 563 2786 secundo
578 2735 682 2799 vento,
699 2735 849 2808 tunquam
864 2721 950 2798 velis,

120 2807 216 2872 Huic
230 2809 385 2892 sspirubo.
430 2808 504 2884 Dic,
520 2829 584 2895 quo
593 2810 676 2894 jure,
691 2829 805 2872 munus

117 2893 169 2958 Lu
193 2895 262 2958 uris
275 2894 409 2981 ligantes
423 2895 475 2958 isti
491 2896 610 2958 ducunt
626 2911 656 2958 te

119 2916 297 3045 Erillum?
315 3003 387 3045 nam
399 2995 436 3045 ut
446 2979 591 3065 quaedum
601 2982 668 3044 oris
679 3001 796 3068 sgnum
807 2980 867 3044 sub
877 2979 1025 3044 selovsns
1034 2978 1126 3064 peris,

118 3066 228 3132 Nobis
241 3066 424 3132 absentibus
438 3082 468 3132 et
483 3067 615 3132 domino
629 3079 694 3132 tuo.

28 3153 187 3232 sinderi,
205 3155 239 3218 0
253 3175 359 3230 senex,
374 3175 446 3218 cum
462 3153 530 3218 lilio
544 3155 730 3218 moriturum
882 3229 890 3242 .
1065 3159 1129 3218 550

113 3241 180 3305 Me
194 3240 242 3306 sic
256 3240 377 3317 dicunt,
394 3254 430 3304 ut
443 3241 547 3305 vides:
571 3240 646 3327 quid
663 3239 720 3304 tibi
735 3238 864 3304 dicam?

113 3325 209 3392 Nam
227 3347 291 3392 non
306 3326 399 3392 unius
414 3326 585 3392 vocationis
602 3327 706 3392 studio
719 3339 752 3391 te

112 3413 300 3494 Accersiui,
312 3413 368 3478 sed
381 3435 441 3498 per
454 3427 618 3478 sexcentos
632 3413 776 3478 nuncios.

109 3499 176 3566 Sis
191 3511 300 3564 sutem
315 3497 446 3564 fortasse
460 3499 590 3565 audiens
604 3499 794 3565 discordium
810 3521 881 3585 quae
896 3511 943 3562 est
956 3499 988 3561 in
1003 3495 1101 3562 domo

108 3587 209 3652 Cum
225 3585 320 3672 hujus
334 3586 410 3662 filiu,
428 3606 466 3669 pr
524 3609 558 3651 er
574 3609 645 3737 Ἆυω
659 3587 753 3652 etium
768 3609 827 3674 ego
841 3607 948 3671 pereo.

106 3673 169 3740 Et
184 3694 272 3738 nuno
285 3694 338 3737 me
352 3673 393 3737 sb
407 3695 463 3736 era
510 3673 575 3737 heti
599 3673 637 3751 is,
652 3695 726 3758 quse
739 3691 928 3760 generosum

103 3759 245 3826 Filium
260 3759 317 3824 tibi
333 3760 468 3846 peperit,
485 3781 579 3845 quum
596 3773 630 3823 tu
646 3759 857 3825 venerandum
867 3757 959 3832 eolis,

98 3847 259 3914 Ducunt
273 3847 423 3925 nsulsum,
437 3867 543 3931 neque
556 3845 622 3910 ullo
637 3846 706 3911 'ure

87 3935 131 4003 J
137 3931 325 4013 adicientes,
340 3955 442 4019 neque
457 3931 599 3997 absentes
614 3867 655 3998 ab
669 3933 792 3998 edibus

87 4022 353 4102 Expectem,
367 4019 422 4084 ssd
436 4039 540 4082 meum
554 4019 756 4084 solitudinem
1069 4025 1133 4086 ⁵60

87 4105 270 4177 Sdentes
283 4119 316 4170 st
329 4105 423 4192 hujus
437 4105 540 4191 pueri,
556 4128 649 4193 quem
665 4106 781 4171 nullius
795 4103 869 4170 muli
885 4115 1039 4180 sutorem,

84 4191 250 4261 Volunt
263 4193 406 4258 occidere
420 4214 492 4258 cum
508 4215 560 4256 me
576 4191 700 4258 misera.

80 4278 192 4352 Sed
206 4278 342 4346 obsecro
357 4293 398 4358 te,
416 4282 448 4346 Ο
463 4302 569 4356 senex,
586 4279 626 4344 ud
640 4292 694 4343 tuu
