2828 4864
270 202 330 262 118
645 185 973 255 EURIPIDIS

272 387 336 432 (nn.
356 361 423 432 Ubi
438 382 513 440 vero
526 370 573 424 est
586 358 716 423 cadaver
732 358 868 424 Eteoclis
882 372 915 428 et
930 359 1114 447 Polynicis?

269 449 406 517 sumllli
420 448 485 513 duo
498 445 667 533 porrectim
682 445 740 511 tibi
748 447 854 532 jacent
864 448 958 534 juxta
971 469 1006 512 se
1019 447 1166 512 invicem.

270 559 336 604 cn.
353 539 491 621 Appone
504 553 620 598 caecam
635 553 765 598 manum
778 555 871 618 super
884 533 990 600 vultus
1002 531 1150 600 infelices.

269 645 348 689 nun.
355 622 449 700 Ecce,
465 632 560 706 tange
573 641 668 682 manu
682 631 754 683 tuos
770 631 912 685 mortuos
927 619 1053 686 liberos.

271 731 336 776 mn.
355 707 386 774 0
401 707 496 772 chuta
510 705 673 782 cadavera,
689 715 718 770 et
732 705 845 770 misera
857 705 964 772 miseri
977 708 1085 793 patris.

269 793 385 866 ΜΟ
398 793 616 859 charissimum
632 814 707 858 sane
720 811 836 858 nomen
852 791 1010 876 Polynicis
1022 791 1110 860 mihi.

272 903 337 948 mn.
357 879 451 948 Nunc
466 877 626 946 oraculum
642 877 810 964 Apollinis,
828 877 950 958 Ofilin,
965 877 1136 966 perficitur.

271 989 351 1035 suu.
359 961 481 1042 Quod?
501 987 541 1030 sn
556 964 639 1028 dices
653 963 715 1030 alia
729 964 812 1032 mala
824 965 1047 1050 praterhac?

273 1075 337 1120 mn.
357 1053 415 1117 Me
431 1051 564 1118 Athenis
578 1051 768 1116 moriturum
781 1073 849 1116 esse
862 1051 995 1118 exulem.

272 1135 522 1206 munnam?
543 1159 688 1224 quanam
703 1149 734 1202 te
749 1139 845 1202 turris
854 1139 964 1204 Attica
977 1135 1130 1225 repriet?

271 1248 341 1297 mn.
361 1225 457 1291 Sacer
473 1222 624 1300 Colonus,
640 1223 752 1288 domus
766 1224 917 1308 equestris
931 1227 990 1292 dei.

359 1311 421 1378 Sed
518 1310 634 1374 servito
647 1307 721 1374 huic
735 1330 820 1374 caeno
833 1312 927 1395 patri,

359 1397 448 1483 Siqui
470 1417 520 1460 em
535 1395 623 1480 cupis
637 1417 703 1459 esse
717 1396 802 1461 socia
815 1395 909 1484 hujus
923 1394 1021 1464 exilii.

273 1481 447 1551 tsnvade
460 1483 493 1545 in
508 1481 635 1546 exilium
653 1481 811 1559 miserum,

360 1568 473 1635 Praebe
487 1566 615 1632 charam
630 1589 770 1648 manum,

359 1656 391 1720 Ο
405 1665 495 1738 pater
509 1675 614 1730 senex,
628 1653 792 1718 matricem

359 1741 415 1804 Me
428 1739 558 1818 habens,
570 1741 651 1804 sicut
663 1751 793 1809 ventum
807 1737 1140 1826 naves-impellentem.

273 1845 340 1894 mn.
360 1825 455 1904 Ecce.
471 1825 564 1906 vado,
579 1825 655 1905 filiu,

359 1913 413 1976 Tu
428 1913 469 1976 sis
483 1935 554 1977 mea
566 1911 633 1976 dux
648 1911 770 1980 misera.

273 2020 351 2066 unu.
358 1999 473 2064 Sumus
487 2019 593 2064 sumus
608 1999 792 2062 miserrimae

361 2084 482 2170 Utique
495 2085 579 2148 inter
593 2105 702 2148 omnes
715 2083 881 2148 Thebanus
895 2084 1041 2182 virgInes.

274 2192 337 2237 mn.
360 2169 427 2237 Ubi
441 2189 558 2256 ponem
573 2169 670 2234 senile
684 2170 847 2254 vestigium
861 2170 973 2256 pedis?

361 2257 453 2320 Porri
477 2279 495 2320 e
510 2255 588 2320 mihi
601 2255 762 2336 baculum,
777 2256 852 2321 filia.
882 2309 887 2322 .

274 2279 527 2420 lumlluclsuc
542 2341 620 2408 vade
635 2341 723 2420 mihi,

361 2429 449 2506 Huc,
466 2429 528 2492 huc
544 2449 627 2514 pone
643 2428 765 2512 pedem,
783 2427 814 2494 0
829 2443 928 2514 pater,

360 2514 494 2580 Habens
508 2515 598 2591 vires,
614 2515 694 2579 sicut
708 2516 873 2580 somnium.

275 2621 338 2666 cu.
360 2601 448 2679 Heu,
463 2600 535 2678 heu,
554 2600 759 2666 miserrimam

361 2689 480 2776 Fugam
494 2685 501 2750 l
526 2685 652 2752 exulare
666 2709 770 2752 senem
787 2707 838 2752 me
851 2709 891 2755 ex
903 2685 1024 2772 patria!

363 2773 449 2850 Heu,
467 2775 539 2850 heu,
555 2773 674 2837 atrocia
687 2773 807 2838 atrocia
820 2796 880 2861 ego
893 2794 1001 2859 passus
1015 2795 1084 2838 sum
1097 2773 1104 2840 Ι

274 2880 352 2926 suu.
359 2859 449 2936 Quid
463 2857 620 2924 sustines?
641 2858 719 2945 quid
735 2857 889 2924 sustines?
909 2881 973 2924 non
985 2860 1096 2945 aspicit
1104 2861 1238 2930 Justitin
1254 2867 1379 2948 malos,

362 2945 475 3033 Neque
488 2959 669 3030 compenset
684 2945 861 3010 montellum
876 2945 1131 3038 Imprudentium.

276 3053 341 3098 mn.
361 3031 433 3118 Ego
447 3054 528 3107 sum,
543 3053 665 3098 musam
680 3033 735 3118 qui
749 3033 788 3097 ad
805 3032 921 3101 Victri-
1284 3047 1379 3110 1790

360 3139 430 3184 cem
445 3116 599 3182 caelestem
614 3118 741 3183 ascendi

360 3204 500 3304 VirgInis
516 3202 668 3292 Sphingis

359 3289 437 3355 AEm
492 3315 512 3354 a
525 3289 694 3356 obscurum
710 3302 876 3378 postquam
887 3289 1057 3358 solvissem.

274 3397 351 3444 uun.
360 3377 426 3454 Qui
466 3375 616 3478 Sphingis
630 3375 726 3442 refers
739 3373 898 3478 gloriam?

360 3463 480 3532 Desine
494 3463 659 3548 pristinem
674 3462 853 3530 felicitatem
868 3483 1006 3530 narrare.

360 3548 427 3615 Hae
441 3549 651 3636 expectabant
665 3563 696 3614 te
710 3550 833 3616 misene
847 3549 1037 3618 calamitates

359 3633 495 3703 Exulem
510 3659 549 3702 ex
564 3637 667 3722 patria
678 3635 806 3714 facttum

358 3723 391 3790 Ο
405 3735 505 3810 puter,
519 3723 660 3807 inopiam
674 3721 756 3788 forte
769 3723 846 3807 peti.

357 3809 532 3912 Lacrymas
546 3823 668 3876 tenerm
682 3807 786 3874 charis

358 3895 545 3981 virgmibus
559 3895 740 3982 relinquens
754 3915 868 3981 sequor

360 3981 477 4052 Procul
492 4006 512 4050 e
526 3981 629 4069 petria
642 3994 726 4046 tetra

359 4066 436 4132 Non
452 4091 538 4133 more
550 4069 708 4154 virginum
724 4089 844 4134 errans.
1095 4093 1112 4164 χ

270 4173 334 4219 mn.
357 4152 388 4219 0
404 4168 540 4220 mentem
556 4151 692 4220 bonurn!

271 4239 451 4307 nuncluce
464 4241 564 4327 patris
579 4241 772 4308 calamitates
