2888 4856
483 260 793 340 ELECTRA.'
1105 283 1168 342 645

174 445 292 514 Poenas
304 447 431 526 dedisti,
445 449 489 514 sic
504 449 642 537 quisquis
655 461 704 514 est
717 447 886 514 maleficus.

173 534 226 600 Ns
239 533 327 612 mihi,
343 535 484 622 quamvis
500 539 636 621 primum
652 557 779 602 cursam
793 557 943 622 prospere
957 527 1140 612 cucurrerit,

175 620 390 686 Existimetur
403 620 515 708 aliquis
531 625 639 686 uicisse
651 623 819 708 justitiam,
835 625 1016 708 priusquam
1032 643 1130 707 prope

177 706 298 772 Metam
314 709 498 793 pervenerit,
515 720 546 773 et
559 707 654 772 finem
671 709 808 796 attigerit
822 708 904 772 vitae.
1108 717 1165 774 961

81 811 165 856 cuo.
176 791 315 858 Patravit
329 793 398 858 dira
403 793 565 877 facinora:
588 795 672 858 diras
687 795 778 858 etiam
794 816 895 878 poerras
909 793 1053 878 rependit
1067 794 1125 859 tibi

177 877 219 943 Et
233 878 317 944 huic.
361 879 489 946 lustitia
502 881 585 946 enim
602 901 750 968 magnum
767 878 861 944 habet
875 880 982 944 robur.

83 967 200 1029 σιω
261 986 354 1030 vero:
377 965 498 1031 deferre
513 967 606 1052 hujus
620 972 753 1032 cadaver
768 967 851 1030 intro
866 979 990 1052 oportet

177 987 396 1140 illustrisque
411 1053 569 1130 mandare,
587 1051 619 1117 0
633 1052 752 1131 famuli,
769 1067 814 1131 ut,
830 1053 956 1138 qnando
972 1053 1089 1118 venerit

176 1135 296 1218 Mater,
309 1153 383 1203 ante
396 1139 513 1204 casdem
531 1161 593 1203 uon
609 1140 740 1224 aspiciat
754 1153 924 1204 mortuum·

86 1241 162 1288 aar.
174 1223 355 1288 Cohibete:
375 1223 470 1290 alium
489 1247 663 1290 sermonem
680 1223 875 1291 inchoemus.

84 1327 167 1372 aaa.
176 1309 290 1386 Quid?
310 1331 387 1374 uum
402 1333 480 1398 quos
494 1334 534 1377 ex
547 1310 694 1398 Mycenis
709 1309 827 1376 anxilio
841 1333 1003 1377 accurrere
1017 1308 1131 1376 video?

85 1415 162 1462 aua.
174 1396 260 1474 Nou,
275 1395 329 1462 sed
344 1410 488 1476 matrem,
504 1419 576 1484 quoe
592 1419 642 1462 me
658 1399 790 1484 peperit.
868 1449 871 1456 .

87 1481 276 1548 oculisne
290 1483 299 1546 i
323 1483 387 1547 itur
400 1483 432 1546 iu
448 1483 575 1570 laqueos
591 1485 710 1548 medios
726 1485 819 1550 veuit·
1111 1491 1175 1550 960

87 1587 165 1632 ute.
176 1568 275 1669 Atqui
290 1507 390 1636 rlreda
404 1584 435 1634 et
448 1571 528 1635 stola
542 1594 575 1635 sc
590 1583 727 1635 ostentat
741 1569 919 1658 magnifice.

86 1653 264 1730 oua.Qu1d
280 1655 378 1743 igitur
392 1656 544 1743 agemus?
565 1677 605 1722 au
621 1673 753 1721 matrem
769 1655 971 1721 occidemus?

87 1759 166 1806 m.
177 1740 265 1806 Num
282 1753 313 1806 te
329 1741 488 1806 miseratio
501 1743 595 1828 cepit,
610 1765 681 1807 cum
698 1744 807 1808 matris
823 1763 938 1828 corpus
954 1739 1083 1806 vidisti?

88 1825 306 1908 oua.(Eheu.)
350 1827 523 1929 Quomodo
544 1829 627 1894 enim
650 1829 790 1894 occidam
806 1851 885 1906 eam,
902 1850 974 1914 quoe
989 1850 1040 1892 me
1053 1827 1130 1893 aluit
1144 1839 1175 1894 et

88 1999 222 2064 eueJto
235 1935 308 2064 upess
320 1911 473 2086 spirirum
490 2011 578 2064 tuum
595 2015 627 2066 et
641 2023 744 2066 meum
761 2000 907 2084 perdidit.

87 2087 202 2172 nau-'O
220 2084 351 2162 Phoebe,
370 2086 500 2152 multam
515 2090 682 2152 amentiam
698 2087 851 2153 mandasti
867 2085 1050 2164 oraculo,-

88 2173 206 2236 m.Si
221 2193 295 2236 vero
312 2172 428 2256 Apollo
443 2173 585 2238 indoctus
600 2189 656 2253 est,
671 2175 799 2261 quinam
815 2175 969 2259 sapientes
983 2177 1090 2237 aaut?

89 2257 261 2334 ouQuid
282 2257 358 2360 mihi
380 2257 577 2344 respondisti,
593 2273 627 2326 ut
651 2273 792 2339 matrem,
807 2281 900 2346 quam
918 2280 981 2323 non
997 2259 1043 2324 fas
1057 2272 1113 2338 cst,
1130 2258 1178 2323 in·

266 2359 420 2410 terimam.

92 2429 260 2508 mouit
277 2452 352 2495 vero
366 2430 440 2496 mali
456 2431 512 2496 tibi
527 2431 685 2510 concilias,
700 2431 862 2497 vindicans
876 2447 997 2516 patrem
1013 2429 1127 2496 tuum?

89 2536 166 2582 ou
173 2517 261 2583 uem
274 2515 433 2602 parricidii
448 2539 525 2582 mox
539 2541 626 2607 agur,
642 2518 696 2606 qui
710 2540 809 2604 purus
824 2540 908 2582 nunc
923 2539 1001 2582 snm.
1113 2525 1178 2586 970

92 2605 223 2671 mdo
238 2603 353 2706 impius
366 2603 428 2669 eris
441 2605 541 2690 patria
554 2605 774 2669 contumeliam
790 2603 965 2704 ulciacensi

92 2689 908 2862 ffittsttttttltttttttt{titt-¹:¹3
922 2711 995 2755 ‘⁰¹⁰'

93 2883 171 2930 ou
177 2865 228 2928 An
242 2861 313 2927 lnec
327 2861 455 2928 Alastor
468 2861 550 2928 dixit
565 2863 752 2928 assimilatus
767 2861 861 2928 Deo?

94 2949 274 3018 utu-Sacro
287 2949 426 3013 insidens
441 2947 582 3034 tripodi?
605 2949 676 3036 Ego
691 2949 816 3034 quidem
832 2971 895 3013 non
912 2960 998 3034 puto.

94 3037 349 3121 ouNuuquam
364 3033 549 3101 crediderim
565 3035 653 3121 pium
668 3059 734 3099 esse
749 3035 808 3104 hoo
824 3035 997 3100 oraculum.

95 3124 229 3192 man
244 3123 330 3186 noui
358 3119 439 3186 Vide
453 3143 493 3186 ne
507 3122 614 3186 animo
626 3121 742 3186 fractus
757 3123 876 3186 incidas
891 3123 922 3184 in
939 3118 1113 3186 mollitiem.

96 3207 267 3278 oamNum
283 3207 380 3296 igitur
394 3207 527 3272 eundem
544 3207 588 3272 illi
603 3209 729 3272 tendam
745 3205 877 3272 dolum?

97 3295 252 3374 aua,Quo
265 3307 297 3359 et
311 3295 458 3358 maritum
474 3294 608 3372 sustulit,
623 3294 691 3358 sine
704 3293 927 3360 deliberatione
941 3291 1073 3358 caedens.

95 3379 357 3472 oualngredior:
381 3379 483 3444 dirum
500 3381 583 3444 euim
599 3379 767 3444 discrimen
783 3379 956 3470 aggredior.
1116 3387 1180 3444 990

173 3473 222 3535 Ac
236 3468 304 3532 dira
318 3466 469 3551 patrsbo:
492 3467 517 3530 si
531 3467 591 3530 diis
605 3466 649 3532 ita
663 3468 773 3545 risum,

171 3557 265 3630 Est03
289 3573 429 3617 amarum
444 3567 530 3618 certe
545 3575 607 3618 non
622 3551 715 3618 dulce
729 3567 886 3638 certamen
904 3551 978 3616 milti
999 3553 1179 3638 proponitnm

101 3749 175 3809 cuo.
185 3725 308 3826 Regina
323 3724 452 3792 loemina
466 3729 592 3816 Argivae
608 3737 712 3804 terrae,

186 3811 267 3876 Filia
281 3811 437 3898 Tyndari,

186 3897 229 3962 Et
244 3897 370 3964 fortium
385 3921 475 3964 soror
484 3901 635 3985 juvenum
651 3898 786 3963 liliorum

184 3983 282 4062 lovis,
298 3987 351 4072 qui
366 3985 544 4050 flammeum
560 3985 707 4050 aetherem
725 3985 757 4050 iu
772 3987 862 4049 astris

187 4069 346 4149 lncolunt,
362 4072 415 4156 qui
431 4073 462 4136 in
479 4073 573 4136 maris
586 4071 733 4136 fluctibus
747 4071 925 4136 mortalium

189 4155 339 4222 Honores
352 4159 534 4223 servatrices
548 4159 683 4230 liabent:

189 4241 290 4322 Salve,
307 4257 338 4308 te
351 4267 491 4326 ueneror,
506 4267 596 4332 aeque
610 4266 646 4308 ac
661 4245 769 4310 beatos
784 4245 867 4308 Deos

187 4327 389 4410 Diuitiarum,
406 4353 593 4420 magnaeque
605 4331 757 4396 felicitatis
771 4351 874 4396 roura
1120 4333 1184 4392 990

593 4425 676 4484 rte
