2882 4858
275 213 340 276 aas
652 201 981 271 EURIPIDIS

363 375 486 452 Robur,
502 376 566 442 hoc
582 387 687 442 tamen
766 388 828 442 rtet
841 387 873 442 te
887 375 976 452 scire,
994 375 1175 464 Obospeu

363 464 439 528 Non
454 463 527 528 licet
541 462 598 527 tibi
613 464 692 528 istos
771 485 872 543 acere,
885 485 939 528 me
952 463 1084 542 vivente,
1101 487 1254 554 unqnm.

361 549 508 614 Profecto
522 549 604 612 iliius
620 551 765 615 Herodis
777 573 818 614 ne
832 551 993 614 existimer
1006 573 1069 638 ego

364 636 472 700 Mater
487 635 638 721 posthac:
659 637 686 700 si
700 657 776 700 vem
790 635 931 722 attigeris
946 637 1005 702 bos
1021 659 1129 716 mauu,

362 725 436 787 Non
452 721 567 786 decore
580 723 716 788 certabis
730 743 803 788 cum
818 723 943 788 dodina
956 723 1094 792 canibus.

277 829 344 874 Ion.
360 807 507 885 Confide,
523 831 612 888 anus,
627 829 669 872 ue
681 823 812 887 memna
829 831 893 874 non
909 811 986 874 caim
1002 811 1100 899 Argia

363 895 475 960 Praeco
490 895 585 972 vonit,
600 894 734 960 afferens
748 897 899 978 nuncium
914 895 1072 962 hostilem.

277 1002 348 1048 stc.
362 982 430 1046 Cur
444 981 542 1070 igitur
555 982 699 1046 excitasti
714 982 894 1058 clamorem,
910 983 1062 1050 nuncium
1076 981 1223 1050 timoris?

277 1089 343 1133 rou.
362 1068 407 1134 Ut
421 1081 456 1132 tu
471 1079 544 1132 ante
557 1067 711 1152 templum
724 1090 824 1153 prope
840 1069 923 1132 bunc
938 1069 1070 1136 venirm.
1296 1079 1350 1136 65⁰

277 1175 348 1220 auc.
362 1154 416 1220 Ob
442 1154 521 1218 nihil
544 1175 693 1303 mpgnum
717 1154 803 1220 bunc
824 1155 994 1220 &mamm
1016 1155 1163 1232 edidism
1190 1157 1260 1243 qais
1278 1157 1350 1220 enim

449 1255 496 1304 est
510 1239 562 1304 hic

279 1345 346 1392 ron.
363 1325 502 1391 Nuaciat
517 1326 624 1390 venire
638 1325 739 1390 filium
752 1325 810 1390 biii
824 1328 881 1391 tui.

278 1434 350 1478 auc.
364 1412 397 1477 0
410 1413 496 1476 salve
510 1423 542 1476 et
557 1425 592 1476 ut
606 1428 736 1498 propter
750 1414 808 1477 ista
822 1414 950 1478 nuncia.

364 1497 508 1585 Atquin,
523 1498 598 1562 huic
612 1500 735 1586 regioni
749 1499 863 1584 pedem
876 1499 1051 1586 applicans,

366 1581 433 1650 Ubi
450 1607 534 1650 nunc
549 1588 618 1648 esti
643 1609 715 1672 quae
731 1608 780 1649 res
795 1607 867 1648 eum
882 1585 1014 1662 detinet,

365 1671 442 1747 Quo
457 1673 560 1736 minua
575 1681 679 1735 tecum
695 1693 850 1758 apparens
865 1693 972 1736 meum
986 1671 1123 1736 oblectet
1136 1669 1298 1738 ammom?

280 1757 510 1822 nncoltocat
524 1759 697 1822 exercitum
713 1771 745 1822 et
758 1757 895 1836 ordinat,
911 1781 982 1822 cum
998 1781 1063 1858 quo
1077 1757 1172 1824 venit.

280 1863 351 1907 auc.
366 1844 440 1908 Non
456 1844 591 1927 amplius
606 1844 683 1908 mibi
697 1844 791 1930 hujus
806 1866 965 1910 sermones
980 1845 1116 1921 scientia,
1124 1844 1276 1930 congruit.

280 1949 346 1998 Ion.
363 1930 539 2018 Congruit:
562 1931 618 1994 sed
633 1943 774 1994 nostrum
789 1952 869 2014 opus
883 1941 926 1995 est
940 1931 1137 2017 interrogare
1150 1931 1229 1998 boec.

280 2015 455 2092 ramQuid
470 2018 566 2102 igitur
580 2019 627 2080 vis
641 2037 831 2104 cognoscere
845 2040 884 2080 ex
899 2016 960 2080 illis
974 2040 1046 2102 quae
1059 2031 1147 2104 gasts
1160 2017 1257 2084 rum?
1297 2023 1352 2082 660

282 2123 347 2167 ron.
365 2103 509 2179 Quantas
524 2103 653 2168 adducit
666 2103 774 2188 copias
788 2101 970 2168 sociorum?

282 2188 504 2253 samMultas:
527 2211 590 2253 non
606 2211 735 2274 possum
751 2190 835 2252 enim
850 2189 946 2253 alium
961 2211 1130 2254 numerum
1143 2190 1257 2256 dinero.

280 2295 349 2340 Ion.
366 2275 488 2352 Sciunt,
504 2287 540 2339 ut
553 2278 700 2352 arbitror,
716 2274 777 2339 hoc
790 2275 887 2340 duces
902 2275 1155 2340 Atheniensium.

282 2361 497 2428 ramsciunt:
521 2375 551 2426 et
562 2363 629 2447 jam
645 2363 806 2426 sinistrum
821 2383 921 2428 como
935 2375 1079 2447 occupat

281 2468 351 2512 roa.
366 2447 438 2512 Jam
454 2447 538 2511 enim
553 2449 717 2512 ordinatus
731 2461 777 2512 est
791 2449 947 2513 exercitus
960 2464 1111 2534 tanquam
1125 2450 1164 2516 ad
1180 2471 1222 2535 pn

282 2533 548 2609 aamQuinetiam
558 2535 626 2619 jam
636 2535 771 2598 victuum
781 2534 895 2620 procul
909 2539 950 2600 ab
958 2535 1123 2600 ordinibus
1129 2549 1204 2602 sum
1273 2547 1353 2600 ude.

282 2641 351 2685 ron.
368 2620 474 2696 Quam
491 2641 567 2684 vero
580 2619 692 2707 procul
707 2619 793 2686 abest
807 2622 943 2709 Argivus
958 2621 1141 2688 exercitus?

283 2709 413 2772 rumUt
426 2703 524 2771 rideri
539 2708 637 2792 possit
651 2708 716 2771 dux
730 2708 904 2792 perspicue

283 2815 352 2858 101..
369 2794 454 2870 Quid
470 2793 610 2858 faciens?
630 2816 671 2857 au
687 2795 844 2858 instruens
854 2791 978 2858 aciem?

282 2880 675 2965 niaconjectamusista:
697 2881 860 2944 anamim
874 2879 1061 2944 audirimus.
1297 2881 1355 2944 670

371 2967 429 3031 Ibo
444 2980 567 3032 autem:
592 2967 748 3031 Dominos
761 2967 848 3053 quod
863 2966 904 3030 ad
918 2988 971 3030 ma
983 2967 1097 3030 attinet
1108 2964 1248 3032 dumos

371 3053 478 3116 Nolim
493 3075 565 3117 cum
581 3053 723 3117 hostibus
737 3075 780 3138 pu
805 3075 877 3117 nam
893 3073 1067 3116 cmtserere.

286 3160 355 3204 101..
372 3139 443 3226 Ego
457 3161 584 3226 quoque
598 3153 722 3204 tecum:
745 3076 854 3204 etiem
871 3139 953 3204 enim
968 3138 1158 3226 cogitem,

370 3225 491 3288 Amicis
508 3239 677 3310 praesentes
692 3225 851 3311 prodesse,
867 3239 1021 3311 quantum
1036 3223 1186 3290 valemus.

283 3310 504 3376 ranaMinime
519 3327 550 3376 te
564 3312 698 3376 decebat
710 3313 841 3376 stultum
857 3315 986 3376 verbum
1001 3311 1116 3376 dicere.

285 3419 352 3462 101..
368 3398 455 3474 Quin
471 3413 503 3462 et
516 3399 597 3462 orcis
611 3421 728 3484 pugnae
742 3421 815 3462 cum
829 3398 939 3462 amicis
953 3397 1141 3482 participem
1152 3393 1243 3464 ene?

284 3485 444 3550 rauNon
459 3485 586 3566 esttibi,
602 3485 635 3549 0
649 3486 773 3566 amiam,
789 3484 886 3548 robur
897 3483 982 3570 quod
998 3481 1074 3548 olim
1088 3483 1159 3548 fuit.

284 3593 351 3636 IoL.
368 3571 457 3647 Quid
470 3573 481 3635 i
505 3593 612 3635 erinon
627 3591 753 3656 possem
768 3587 801 3636 et
813 3593 874 3659 ogo
888 3591 947 3654 par
960 3570 1106 3655 clypeum
1121 3567 1238 3634 ferire?

283 3678 363 3722 rau.
369 3658 478 3724 Posses
511 3658 627 3734 uidem,
643 3659 696 3722 sed
712 3657 841 3722 sortasse
853 3657 942 3743 prius
956 3655 1024 3743 ipse
1038 3657 1176 3722 cadom.

285 3766 351 3808 rot.
369 3681 596 3809 Nullusitoctis
609 3744 738 3808 audebit
751 3767 803 3808 me
817 3745 967 3828 aspicere.

281 3831 440 3895 ranaNon
455 3843 512 3903 est.
528 3833 558 3894 Ο
572 3831 684 3905 amice,
701 3831 733 3892 in
747 3843 876 3916 aspectu
891 3827 1096 3894 vuinusnibil
1110 3841 1223 3917 egerite
1235 3845 1328 3892 mna.

282 3939 348 3982 tot..
367 3919 413 3981 At
427 3917 577 4004 pugnabo
594 3939 655 3980 non
672 3917 840 3981 imminuto
853 3920 997 3980 sociomm
1012 3935 1160 3982 numero.

282 4004 529 4088 ramssxiguum
544 4017 633 4068 tuum
649 4003 776 4088 pondus
789 4001 888 4068 addas
903 4002 1021 4066 amicis.

282 4110 350 4154 Ion.
368 4089 419 4153 Ne
435 4089 605 4152 medecina
620 4103 764 4174 parsurm
779 4089 897 4174 aliquid
911 4087 1024 4152 fam

211 4241 224 4264 l
283 4175 484 4240 ram.Facere
497 4177 624 4262 quidem
641 4189 676 4240 tu
691 4197 756 4240 noa
771 4192 871 4260 potes,
886 4187 921 4239 st
933 4173 1012 4239 valle
1025 4172 1169 4238 forsimn.

283 4282 350 4326 ron.
368 4261 415 4326 Ut
429 4281 480 4325 me
492 4281 554 4326 non
571 4283 720 4326 memoro
731 4275 848 4327 caetera
862 4261 966 4326 dicero
979 4259 1036 4324 tibi
1053 4259 1133 4328 tinea
