2802 4858
405 215 756 334 PHOENISSAE.
1060 225 1120 289 107

129 385 199 452 Filii
213 385 260 452 tui
273 387 394 476 agimnt
407 388 548 456 facinora

127 473 331 574 Turpisqima,
347 475 624 566 singulari-pugna
645 499 774 543 cernere
796 478 964 565 separatim
978 479 1019 544 ab
1033 479 1122 546 omni

207 581 285 626 acre.

126 645 252 711 Etenim
267 647 419 714 dixerunt
432 649 558 737 Argivis
572 661 605 714 et
619 649 781 716 Thebanis

127 731 244 809 Palam
260 754 333 819 quoe
346 755 509 822 nunquam
523 736 629 800 dicere
641 737 809 815 debebant,
823 737 931 806 verba.

124 817 331 906 Eteoclesqne
343 835 430 886 stans
444 843 484 885 ex
497 823 578 887 celse
588 823 677 908 prior
687 826 816 910 inooepit

124 905 228 983 Turri,
238 906 356 991 jubens
371 907 510 974 indicere
524 908 682 975 silentium
697 910 859 976 exercitui.

125 990 216 1058 Dixit
230 1005 347 1070 autem,
364 991 397 1058 Ο
412 996 505 1058 duces
520 996 627 1060 Graeci
643 995 713 1073 soli,

125 1077 442 1166 Praestantissimiquc
457 1081 655 1158 Graecorum,
671 1083 726 1169 qui
739 1082 804 1148 huc
817 1083 952 1162 venistis,

126 1161 168 1228 Et
181 1185 239 1228 vos
253 1164 335 1230 cives
349 1165 508 1245 Thebani,
524 1189 627 1253 neque
642 1169 798 1255 Polynicis
808 1169 911 1258 gratia
1040 1177 1124 1236 1280

124 1249 263 1315 Vendite
277 1251 409 1334 animas,
423 1275 527 1339 neque
539 1267 646 1319 nostra
661 1276 764 1320 causa.

125 1335 198 1420 Ego
211 1339 296 1402 enim
308 1338 375 1422 ipse
390 1339 450 1404 boc
461 1341 543 1405 nobis
556 1340 729 1424 periculum
746 1341 916 1419 remittens,

126 1422 219 1488 Solus
233 1425 428 1488 committam
444 1445 517 1490 meo
528 1425 625 1490 fratre
639 1440 817 1494 certarnen:

125 1507 168 1574 Et
182 1511 208 1574 si
222 1509 351 1598 quidem
369 1512 452 1576 hunc
466 1512 623 1590 occidero,
634 1516 719 1577 solus
733 1511 961 1580 administrabo
975 1513 1116 1590 domum,

125 1595 238 1661 Victus
251 1618 338 1675 vero,
353 1595 429 1662 huic
443 1598 565 1664 tradam
581 1601 704 1664 urbem.
1069 1637 1070 1640 ι

126 1682 192 1747 Vos
205 1705 283 1748 vero
296 1684 476 1750 omittentes
489 1697 647 1750 certamen
661 1686 694 1750 in
710 1685 861 1772 Argivum
877 1705 989 1774 agrum

125 1768 292 1846 Redibitis,
309 1791 373 1834 uon
388 1771 598 1858 relinquentes
612 1771 665 1836 hic
679 1770 788 1836 vitam.

125 1854 353 1956 (Thebanique
366 1857 476 1943 populi
491 1859 565 1922 satis
579 1870 637 1936 est,
653 1859 707 1944 qui
717 1858 800 1942 jacet
817 1858 986 1938 mortuns.)

125 1941 267 2006 Tantum
282 1941 384 2008 duxit:
407 1956 480 2009 tuus
495 1957 600 2009 autem
615 1943 698 2008 filius
715 1942 882 2029 Polynices

126 2027 177 2092 Ex
191 2027 319 2116 agmine
333 2029 474 2094 celeriter
487 2031 657 2116 procurrit,
673 2041 705 2094 et
717 2029 857 2094 laudavit
871 2031 925 2094 tor
938 2029 1070 2096 dictum.

124 2113 249 2180 Omnes
262 2137 337 2180 vero
350 2113 476 2182 fremitu
492 2118 716 2203 applauserunt
730 2115 853 2202 Argivi.
1044 2122 1124 2181 1241

126 2200 305 2287 Cadmique
318 2202 464 2287 populus,
480 2217 590 2289 utpote
602 2201 673 2268 hoec
683 2203 767 2288 justa
779 2201 980 2266 aestimantes.

126 2285 191 2352 His
205 2287 442 2352 conditionibus
463 2303 537 2355 sunt
557 2289 649 2356 factae
670 2288 819 2371 induciae,
834 2288 912 2353 etin
927 2288 1033 2354 medio
1048 2285 1131 2352 utri·

213 2395 314 2460 nsque
327 2375 406 2440 aciei
419 2375 491 2440 loco

37 2455 40 2464 ’
123 2459 355 2546 Jusjurandunr
372 2461 637 2528 dederuntduces
652 2485 685 2528 se
700 2462 737 2526 iis
752 2474 977 2540 staturosesse.

124 2545 265 2633 Jamque
279 2548 476 2614 occultabant
491 2571 606 2633 corpus
621 2547 717 2613 reneis
730 2548 826 2612 armis

126 2631 204 2698 Duo
213 2635 348 2719 juvenes
362 2635 444 2700 serris
459 2635 591 2719 OEdipi:

127 2720 231 2784 Amici
247 2743 323 2784 vero
337 2722 503 2798 ornabant,
519 2721 642 2798 ducem,
658 2721 751 2806 hujus
765 2735 859 2786 terrae
873 2718 1000 2806 quidem

123 2803 290 2892 Principes
305 2805 463 2883 Thebani,
477 2808 612 2873 alterum
627 2829 703 2872 vcro
716 2807 875 2893 principes
892 2806 1099 2893 Argivorum.

126 2891 293 2958 Steterunt
306 2905 412 2958 autem
427 2893 590 2982 lirlgentes,
605 2915 664 2958 nec
677 2903 878 2958 mutaverunt
892 2890 1042 2968 colorem,

123 2978 248 3044 Insano
262 2980 381 3064 impetn
395 2982 557 3065 cupientes
570 2980 649 3046 alter
659 2980 692 3044 in
707 2979 840 3044 alterum
848 2978 984 3065 jaculari
994 2975 1133 3042 bustam.

127 3065 326 3130 Accedentes
339 3089 415 3132 vero
428 3067 481 3132 alii
493 3066 623 3152 aliunde
637 3065 740 3143 amici,
1046 3070 1126 3129 test

127 3153 318 3218 Animantes
332 3175 488 3236 sermone,
502 3153 651 3219 dicebant
665 3151 753 3216 haecr

130 3236 312 3326 Polynices,
327 3261 424 3323 penes
438 3253 469 3305 te
483 3255 530 3305 est
544 3240 665 3328 erigere
677 3238 768 3303 Jovis
782 3249 914 3324 statuam

125 3322 283 3410 Trophrei
299 3327 435 3413 signum,
451 3339 483 3391 et
497 3347 644 3414 magnam
659 3325 792 3413 gloriam
808 3345 921 3408 parare
935 3322 1048 3412 Argis:

128 3411 291 3477 Eteoclem
307 3433 381 3476 vero
395 3413 545 3477 vicissim:
569 3433 654 3477 nunc
668 3433 728 3496 pro
741 3411 846 3496 patria
859 3430 992 3497 pugnas,

128 3495 225 3563 Nunc
246 3497 411 3586 proeolarae
432 3499 573 3564 victorias
593 3519 724 3584 compos
744 3499 845 3563 sectus
866 3509 1024 3580 sceptrum
1040 3495 1136 3579 regni

212 3598 311 3650 lenes.

130 3669 215 3737 Hrec
224 3671 387 3750 dicebaut,
403 3671 566 3738 hortantes
580 3673 619 3737 ad
632 3693 785 3759 pugnarn.

129 3755 227 3824 Vates
240 3779 318 3822 vero
327 3762 507 3826 mactabant
521 3759 667 3845 pecudes,
682 3771 714 3822 et
727 3757 834 3845 igneas
848 3755 930 3820 acies
965 3829 969 3842 .

131 3843 360 3931 Ruptumsquc
368 3843 587 3926 observabant,
603 3845 810 3910 mobilitatem
818 3863 884 3908 non
894 3839 1134 3920 coalescentem,

129 3931 358 4017 Summamque
385 3932 555 4011 flammam,
582 3954 655 4019 quoe
683 3931 816 3998 duarum
846 3949 945 3993 rerum
972 3924 1130 4014 significe-

212 4019 315 4083 tiones
328 4017 435 4096 habet,
1046 4019 1132 4078 1260

127 4101 282 4170 Victorias
295 4105 408 4170 scilicet
422 4104 559 4257 seiquum,
573 4105 785 4171 stricturum.

472 4213 482 4256 ι

129 4187 205 4268 sed,
220 4191 247 4256 si
263 4189 349 4277 quod
363 4213 429 4258 rem
484 4213 548 4269 nm,
564 4205 621 4258 aut
633 4213 666 4257 sa
690 4191 805 4256 lentem
819 4186 919 4257 habes
931 4186 1098 4264 tutionem,

126 4276 194 4343 Aut
206 4275 328 4365 philtra
340 4279 600 4360 iucanmtionum,
615 4301 635 4344 v
677 4299 706 4358 e,
721 4273 836 4347 cobibe
848 4273 964 4344 liberos
1029 4333 1034 4348 .
