2862 4864
261 207 325 272 272
641 197 970 264 EURIPIDIS

346 373 424 452 Qui,
440 372 525 437 velot
539 370 703 436 tondentes
716 392 826 436 orcum
841 370 1036 458 ultraquam
1050 373 1210 451 convenit,

348 461 392 526 Et
400 462 487 546 juste
500 457 585 523 mols
600 457 701 522 mults
712 457 807 543 pussI,

347 547 470 611 Amicis
484 545 612 632 quidem
627 565 692 609 non
707 545 942 628 obtanperstis,
956 544 1122 610 sed-mbos
1134 545 1225 631 ipsis,
1293 553 1355 616 750

346 633 475 718 Vosque
488 633 640 708 civitstes,
656 651 730 694 com
746 630 870 713 possitis
884 630 1027 695 untione
1040 631 1203 696 declicare
1215 631 1313 712 mle,

348 717 456 796 Ctede,
471 739 536 784 non
550 716 665 793 verbis,
679 718 808 803 negotio
821 713 977 782 deciditis.

349 806 410 872 Sed
423 805 497 890 quid
513 801 610 868 haec?
623 803 715 868 Illud
729 805 803 866 volo
817 804 907 882 scire,

347 890 520 969 Quomodo
533 891 576 955 sis
591 903 747 954 servatus:
768 887 885 953 deinde
898 887 960 953 olis
973 887 1187 976 iuterrognbo.

259 979 517 1065 uout’ooquam
532 974 687 1042 tumultus
700 975 812 1040 urbem
827 975 1000 1040 commovit
1013 974 1055 1040 ob
1069 997 1222 1062 pugnum,

346 1063 474 1130 Transii
489 1085 546 1148 per
559 1075 697 1149 portum,
712 1083 776 1147 qus
789 1061 929 1126 intrabat
941 1061 1111 1130 exercituo.

260 1173 314 1216 nn.
347 1149 494 1228 Quorum
509 1171 585 1215 vero
599 1171 694 1214 censs
705 1160 865 1214 certamen
880 1160 958 1226 emt,
974 1147 1187 1214 sucadosers
1200 1147 1348 1214 refertis?

261 1236 416 1303 sunum
430 1237 475 1302 uti
501 1259 540 1301 ue
553 1236 608 1322 qui
623 1247 745 1320 septem
760 1234 885 1320 inclytis
900 1233 1054 1320 praefuere
1068 1233 1265 1301 cohortibus.
1292 1283 1297 1292 .

260 1345 316 1390 nn.
347 1322 455 1400 Quom
500 1319 637 1388 odinis?
659 1322 713 1385 ubi
723 1341 799 1384 vero
813 1332 858 1386 est
872 1321 993 1406 reliquo
1001 1319 1222 1387 defunctorum
1234 1319 1356 1386 turbs?

259 1409 526 1494 uuu.8opulturae
540 1407 679 1472 msudsti
691 1421 767 1472 sunt
780 1407 820 1471 sd
838 1407 1031 1472 Cithaeronis
1043 1405 1149 1472 valles.
1290 1417 1356 1476 760

259 1515 316 1562 sn.
346 1495 449 1572 Illinc,
465 1517 506 1560 sn
520 1491 620 1559 hinc?
640 1496 711 1580 quis
726 1515 802 1558 vero
815 1493 938 1578 sepeliit
951 1490 1029 1558 sos?

259 1581 500 1659 numTheseus,
514 1581 570 1646 ubi
582 1593 631 1645 est
644 1579 794 1645 umbroso
807 1594 899 1664 petrs
913 1577 1104 1644 Eleutheris.

258 1691 314 1734 sn.
346 1668 437 1746 Quos
452 1689 526 1732 voro
540 1689 605 1732 non
620 1666 751 1752 sepeliit,
767 1667 822 1731 ubi
836 1666 965 1752 reliquit
975 1665 1143 1730 mortuos?

258 1753 417 1821 numflic
430 1775 551 1840 prope:
572 1752 641 1818 leve
653 1754 739 1819 enim
748 1765 797 1818 est
809 1749 960 1840 quioquid
975 1752 1115 1817 studiose
1128 1751 1246 1840 egitur.

258 1863 313 1907 An.
344 1843 397 1906 Au
413 1841 495 1906 servi
509 1839 649 1906 tulerunt
659 1863 712 1906 eos
825 1839 889 1904 exi
961 1836 1072 1902 caede?

259 1927 464 1994 nuu.Nullus
479 1927 728 1992 sermsoocemit
797 1925 884 1990 hunc
929 1925 1057 1990 bormr:

344 2013 499 2090 Dixissss,
514 2016 540 2077 si
554 2011 705 2089 affuisns,
720 2012 808 2098 qood
828 2013 958 2077 Theseis
970 2023 1104 2075 amasset
1117 2019 1271 2074 mortuos.

258 2122 315 2166 nn.
347 2099 502 2165 Abluitne
515 2099 676 2163 inveniens
691 2099 878 2162 miserorum
892 2111 1023 2162 cruento
1037 2093 1217 2162 mduverss

259 2187 434 2256 sononia
449 2186 544 2251 etism
559 2184 668 2249 stravit
681 2197 779 2261 toros,
792 2197 825 2248 et
839 2185 918 2248 texit
932 2205 1075 2268 corpore

259 2295 314 2338 no.
347 2272 455 2420 Grsvp
472 2270 608 2422 lpetridem
630 2284 699 2337 emt
720 2283 894 2358 gestamen,
909 2283 943 2334 et
962 2267 1191 2356 turpitudinem
1212 2268 1352 2356 oiiquon

454 2379 471 2421 8
513 2379 558 2421 ⁰⁸·
1289 2363 1355 2425 770

258 2444 436 2520 riquuid
450 2456 556 2508 tomen
572 2443 678 2530 turpis
688 2445 785 2507 dicum
798 2441 982 2507 hominibus
996 2441 1176 2507 communio
1190 2441 1298 2507 mels?

258 2554 315 2599 un.
348 2530 426 2596 Heu
439 2527 537 2594 mihil
562 2541 683 2615 quanto
696 2550 768 2594 oum
784 2529 829 2592 eis
842 2529 1021 2594 maluissem
1037 2526 1137 2594 moril

259 2617 481 2684 uumFrustro
494 2615 611 2702 ploras,
626 2627 658 2681 et
671 2616 746 2680 istus
760 2614 846 2680 elicis
862 2613 1050 2702 lachrymas.

257 2727 312 2771 nn.
345 2703 449 2768 Video
461 2702 598 2790 quidem,
615 2701 672 2767 sed
686 2702 764 2787 ipsoe
778 2723 830 2766 mo
843 2701 960 2766 docent
972 2701 1108 2788 plorare.

346 2791 407 2856 Sed
424 2813 442 2854 s
465 2811 492 2867 s,
509 2789 618 2854 tollam
633 2811 755 2864 munus,
771 2809 940 2854 occrurens
956 2788 1101 2864 mortuis,

344 2813 579 2964 Effirndsmque
593 2897 720 2940 carmen
735 2873 907 2939 inferorum
921 2872 1069 2962 lugubre,

345 2962 547 3048 compellens
561 2963 690 3038 amicos,
706 2961 820 3048 quibus
834 2959 955 3026 amissis
967 2961 1064 3026 miser

345 3047 473 3114 Moereo
486 3047 672 3113 solitudine:
694 3047 778 3111 hanc
791 3048 874 3111 enim
885 3046 986 3111 solnm
999 3044 1186 3112 mortalibus

343 3135 419 3200 Non
432 3135 505 3200 licet
514 3136 674 3221 jacturam
689 3137 805 3198 lsctsm
820 3133 971 3220 recipere,

344 3222 491 3286 Animam
506 3220 696 3284 humanam:
717 3221 863 3306 pocuoioe
877 3241 953 3284 vero
974 3219 1190 3304 remperundae
1208 3229 1286 3283 sunt
1299 3239 1352 3282 m·

429 3307 542 3372 tiones.
1286 3311 1352 3375 780

258 3414 337 3460 cuo.
343 3391 418 3458 Alia
431 3392 558 3480 quidem
577 3393 660 3470 ltets,
676 3392 737 3458 ulis
751 3413 826 3457 vero
839 3390 957 3457 nutias
1221 3395 1298 3476 (rtr-=
1307 3393 1351 3474 1.)

345 3478 428 3546 Urbi
442 3479 526 3544 euim
540 3478 644 3629 glorio

343 3565 387 3631 Et
399 3563 534 3630 ducibus
570 3563 623 3630 elli

343 3651 399 3718 Du
421 3651 537 3716 licetur
550 3650 663 3715 honor.

344 3673 430 3804 MiIi
445 3759 521 3802 vero
535 3749 663 3802 mortus
676 3735 820 3803 membro
834 3734 1007 3802 liberorum
1021 3735 1129 3802 videre

343 3823 517 3906 Acerbum,
528 3823 582 3889 sed
595 3839 701 3888 tomen
712 3827 772 3890 erit
780 3821 952 3909 pulchrum
962 3820 1189 3910 spestsculm
1200 3817 1229 3886 si
1239 3819 1353 3888 videro

343 3911 543 3996 Inspemtum
558 3909 654 3988 diem,

342 3997 535 4080 Conspicots
547 3996 722 4062 maximum
736 3993 878 4060 omnium
893 3995 1045 4062 dolorem.

344 4082 482 4167 Innupta
496 4105 547 4148 me
560 4081 624 4148 huc
639 4101 738 4167 usque
750 4096 906 4168 perpetuo
1026 4079 1033 4094 ’
1206 4085 1289 4166 (nt.
1308 4079 1353 4160 1.)

344 4167 492 4234 Chronos
505 4171 667 4258 longevus
682 4179 771 4252 potor
1285 4173 1352 4234 790

343 4255 465 4321 Debuit
478 4255 511 4320 in
525 4257 590 4321 vitu
603 4255 793 4322 constituere
804 4253 811 4319 l
