2854 4866
285 237 349 297 uc
402 227 405 242 ·
661 219 991 292 suursrors
1046 173 1050 180 ’

375 401 418 466 Et
431 399 535 487 nigras
550 411 658 464 vestes.
703 418 785 463 aaa.
807 398 889 475 Quis
902 419 981 484 ergo
994 411 1042 461 est
1058 395 1226 462 mormius?

373 487 460 554 Num
476 484 588 570 aliquis
602 485 784 562 liberorum,
799 507 840 550 an
855 505 950 550 senex
965 493 1056 569 pater
1071 497 1214 548 mortuus
1228 479 1305 548 cst?

288 597 360 642 aaa.
376 574 447 639 lmo
460 591 535 636 vero
549 573 667 658 conjux
684 571 812 636 Admeti
826 571 931 656 periit,
946 569 1117 654 Ohospes.
1317 579 1388 636 840

288 658 463 735 usn.Quid
477 655 547 722 eis?
568 670 600 721 et
614 656 818 722 nibilominus
832 670 936 721 tamen
950 677 1001 720 me
1015 655 1152 740 bospitio
1161 654 1345 741 excipitis?

288 769 361 815 ssu.
376 743 551 810 Verebatur
564 744 650 808 enim
664 757 696 808 te
710 743 862 828 repellere
874 742 916 807 ab
929 740 990 806 hac
1004 741 1110 807 domo.

290 831 406 900 uss.0
422 830 525 910 miser,
540 830 664 916 qualem
678 830 808 894 amisisti
822 827 1008 917 conjugem!

288 941 360 987 sun.
378 917 533 982 Periimus
546 939 665 992 omnes,
679 939 744 980 non
758 915 813 980 illa
827 927 961 979 tautum.

290 1007 416 1072 uuam
430 1003 511 1066 sensi
524 1002 663 1088 quidem,
679 1002 788 1068 videus
800 1001 907 1066 oculos
921 1000 1128 1088 lacrymantes

376 1089 418 1154 Et
432 1111 572 1153 rasurum
587 1105 619 1154 et
632 1088 761 1153 faciem:
784 1087 839 1153 sed
853 1089 1010 1172 persuasit
1022 1087 1101 1150 mibi

374 1175 504 1252 Dicens,
520 1197 553 1239 se
566 1175 768 1261 peregrinum
781 1173 876 1238 lirum
890 1171 929 1238 ad
944 1171 1137 1259 sepulturam
1152 1173 1321 1260 prosequi.

309 1305 313 1314 -
375 1262 481 1327 Invito
495 1275 600 1326 autem
614 1261 721 1326 animo
735 1261 793 1325 hss
807 1261 1018 1344 supervadens
1031 1259 1114 1323 lorea

375 1347 449 1412 Bibi
464 1349 496 1411 in
512 1348 606 1411 domo
620 1347 678 1410 viri
692 1346 865 1433 hospitalis,

374 1433 413 1501 Iu
429 1433 489 1497 hec
502 1433 629 1498 senuna
642 1434 800 1510 versantis,
817 1446 848 1497 et
862 1445 1087 1496 commeamus
1100 1453 1180 1508 suro,
1195 1443 1299 1516 ceput
1323 1439 1391 1496 850

376 1519 511 1585 Coronis
526 1519 699 1584 redimitus.
731 1519 793 1584 Sed
810 1536 863 1583 tua
877 1519 971 1604 culpa
985 1530 1042 1596 est,
1056 1517 1143 1604 quod
1156 1539 1223 1582 nou
1237 1517 1369 1598 dixisti,

373 1606 477 1670 Tanto
492 1603 575 1670 malo
589 1616 714 1670 metram
728 1605 858 1670 domum
871 1603 1049 1680 invadente,

375 1691 443 1758 Ubi
457 1713 525 1756 enm
541 1691 684 1777 sepeliit?
705 1693 760 1756 ubi
775 1691 929 1756 inveniam
945 1711 1013 1755 eam
1028 1688 1166 1754 vadens?

290 1800 360 1847 esu.
378 1777 479 1844 Recta
492 1778 552 1856 ria,
568 1800 640 1865 quoe
653 1778 742 1843 ducit
757 1777 927 1856 Larissam,

376 1863 506 1929 Videbis
519 1864 676 1929 tumulum
691 1864 823 1950 politum
840 1877 930 1928 extrs
944 1862 1142 1928 suburbium.

290 1950 407 2017 namo
422 1973 477 2015 cor
491 1951 577 2037 quod
594 1951 695 2015 multa
708 1951 865 2025 sustinuit,
881 1950 959 2014 et.O
973 1971 1045 2014 mes
1058 1949 1175 2028 anima,

376 2038 473 2103 Nunc
486 2036 626 2114 ostende,
643 2040 766 2122 qualem
782 2051 813 2100 te
827 2034 1113 2121 liliumTiryntbin

375 2123 529 2188 Alcmena
545 2122 742 2208 Electryonis
756 2121 822 2187 filiu
835 2123 908 2187 tovi
922 2122 1076 2209 genuerit.

376 2209 513 2292 Oportet
526 2209 610 2274 enim
626 2229 676 2273 me
689 2231 767 2274 nunc
779 2231 903 2272 servare
916 2220 1196 2272 recens-mortuam

375 2293 544 2360 Mulierem
560 2305 592 2359 et
606 2295 772 2360 restituere
786 2296 817 2358 in
835 2294 918 2360 hanc
931 2295 1063 2358 domum
1320 2299 1391 2357 860

375 2379 528 2456 Alcestin,
545 2379 746 2468 Admemqne
760 2381 894 2468 gratiam
910 2379 1034 2444 referre.

375 2465 542 2532 Profectus
556 2467 653 2555 igitur
668 2480 863 2532 mortuorum
878 2489 984 2554 regem
998 2467 1057 2532 alis
1071 2465 1262 2552 nigrantem,

375 2553 496 2618 Orcum
511 2553 697 2632 observabo,
711 2566 744 2618 et
757 2575 852 2702 spero
866 2574 916 2618 me
929 2553 1129 2618 inventurum
1144 2551 1261 2636 ipsum,

376 2639 545 2706 Bibentem
572 2639 658 2726 apud
684 2653 775 2704 tumn
791 2661 843 2703 um
871 2639 912 2705 de
944 2639 1140 2704 victimam
1168 2653 1393 2706 namtarum

370 2795 421 2876 'Et
434 2745 655 2877 sisibnsidiideilli
669 2814 794 2878 structis
807 2834 847 2876 ex
864 2833 933 2876 ntea
946 2811 1020 2878 sede
1032 2831 1208 2897 properans

374 2900 455 2962 Emn
483 2897 663 3049 corpsspiam,
692 2915 725 2964 et
753 2899 894 2984 undique
921 2897 1105 2983 complexus
1132 2917 1276 2983 premam
1307 2899 1396 2960 meis

461 3004 546 3050 mant

376 3068 492 3134 Nullus
506 3084 563 3147 est,
570 3007 632 3156 ssi
647 3067 843 3158 mihi'ipsurn
857 3071 971 3157 eripiat

373 3155 543 3220 Dolentem
558 3157 667 3236 latera,
683 3160 867 3246 priusquam
883 3157 1045 3222 mulierem
1060 3155 1137 3220 mibi
1151 3154 1328 3220 dimiserit.

376 3241 411 3306 Si
425 3263 500 3307 vcro
513 3243 574 3308 hac
587 3244 698 3328 pracda
710 3244 877 3310 frustratus
891 3243 991 3322 fuero,
1007 3256 1039 3308 et
1051 3264 1116 3306 non
1132 3243 1255 3306 venerit

374 3327 429 3392 Ad
442 3343 604 3394 cruentam
621 3329 750 3408 molam,
765 3330 954 3396 descendam
970 3330 1010 3394 sd
1026 3327 1154 3406 inferos,
1324 3337 1397 3396 eto

374 3413 414 3478 ln
428 3412 594 3481 obscuram
608 3416 740 3482 domum
757 3417 960 3502 Proserpinae
974 3427 1006 3482 et
1022 3412 1181 3491 Plutonis,

374 3497 417 3565 Et
432 3501 615 3586 postulabo:
637 3515 671 3568 et
684 3503 813 3569 confido
826 3525 878 3567 me
892 3503 1095 3570 reducturum
1109 3521 1175 3566 esse
1188 3519 1324 3564 sursum

372 3585 525 3666 Alcestin,
539 3604 576 3654 ut
589 3588 711 3654 tradam
727 3613 795 3654 eam
810 3590 844 3654 in
859 3609 971 3653 manus
984 3589 1048 3652 mei
1061 3585 1204 3670 hospitis,

373 3671 440 3748 Qui
454 3695 507 3739 me
519 3675 642 3760 excepit
655 3674 806 3762 hospitio,
823 3697 882 3740 nec
895 3675 1011 3762 abegit,

373 3758 527 3836 Quemvis
541 3774 620 3826 esset
633 3763 724 3854 gravi
738 3761 914 3827 calamitate
926 3781 1103 3847 percussus,

374 3845 437 3910 Sed
451 3847 633 3927 occultavit,
647 3869 818 3936 generosus
832 3847 940 3924 animi,
954 3867 1107 3912 venereus
1122 3863 1184 3908 roe.

372 3929 455 4006 Quis
470 3955 508 3999 ex
523 3933 669 3999 omnibus
684 3933 844 4000 'lbessalis
858 3933 959 4017 magis
971 3945 1020 3997 est
1032 3933 1095 3996 isto
1108 3927 1306 4012 hospitalis?
1417 3955 1418 3976 ¹

372 4014 455 4090 Quis
476 4020 570 4086 etism
594 4043 634 4086 ex
657 4021 794 4088 Groeciae
816 4017 1193 4095 incolis?.Quamobrem
1214 4037 1285 4081 nnn
1303 4019 1403 4092 dicet

286 4295 330 4340 m
373 4119 661 4341 penelepcllslgerliio,
676 4215 747 4260 cum
762 4194 830 4279 ipsc
844 4169 884 4260 sit
898 4149 1006 4260 animo
1020 4209 1186 4276 generum.

334 4322 342 4339 .
392 4297 422 4356 o,
438 4297 469 4341 10
