2794 4862
396 219 744 312 seditiose.
1041 253 1109 322 em

65 421 187 507 suadae
196 429 319 486 ornatus
333 415 489 510 sig'nidcst
503 417 626 508 ndiq'sdd
637 421 798 500 esimiutn,
812 421 913 509 patei.

61 509 211 580 remQutm
224 529 284 571 non
300 507 343 571 ob
357 506 505 573 maritum
519 506 661 596 lugubris
676 513 708 574 es
726 507 848 595 aspici?
1019 521 1105 580 1000
1219 525 1222 544 ’

59 594 172 662 snadd
185 592 335 682 quandaml
348 593 435 657 enim
447 613 513 657 rem
529 603 642 660 novam
658 613 767 660 sumus
780 591 912 684 parata.

57 703 118 746 ran.
129 681 183 745 uu
194 683 261 743 iero
275 686 375 766 ptope
389 679 602 766 sepquhrum,
618 684 652 746 et'
663 698 777 769 rogum
793 681 881 748 stas?

54 767 192 833 uuaHuc
203 767 281 830 enim
291 767 358 853 jam
373 761 561 855 pr'oedlarsm‘
573 767 735 833 victoriam
751 768 911 855 adeptura·
918 769 1023 836 venio.
1146 797 1148 804 ·

53 874 116 918 res.
126 855 211 924 Quarii
224 852 384 918 victoriam
400 850 577 938 adeptura?
596 856 649 919 ime
662 872 703 920 ex
719 867 750 920 te
765 855 873 921 audire
887 853 990 944 cupio.

51 959 119 1004 sus.
131 940 233 1004 diaeum
246 959 354 1004 omnes
368 937 524 1018 mulieres,
540 947 622 1028 q'uas·
631 941 711 1006 vidit
725 939 782 1005 soi.

50 1029 113 1090 ratr'.
123 1024 263 1112 Operibus
278 1023 449 1104 Minervae,
464 1045 508 1089 an*
520 1026 634 1090 mentis
648 1025 840 1114 prudentia?

46 1111 322 1178 snaliortitodine:
344 1132 417 1176 cum
432 1112 548 1176 marito
560 1111 644 1176 enim
659 1127 784 1179 mortua
790 1114 916 1200 jacebo.

46 1219 112 1264 res.
123 1197 199 1274 Quid
212 1195 279 1262 aie?
319 1197 374 1262 uid
389 1197 413 1260 ai
459 1197 546 1263 ificat
558 1195 621 1263 huo
635 1200 772 1292 aenigma
785 1197 965 1266 absonum?

44 1284 251 1350 sus.Dasiliam
267 1285 297 1348 in
329 1281 399 1348 'unc
415 1220 463 1349 gd
486 1285 556 1349 anei
571 1287 684 1351 mortui
699 1307 824 1374 rogum.
931 1361 936 1366 ¹

44 1369 223 1448 trinodis,
240 1391 438 1519 nequarpunm
475 1371 543 1436 icas
554 1370 640 1436 huno
655 1391 830 1438 sermonem
847 1371 1064 1462 upud‘iui‘fflm.

43 1456 187 1522 sufflas
199 1457 297 1542 ipsum
314 1477 352 1520 vo
365 1478 385 1521 o
399 1469 528 1522 cunctos
544 1454 680 1548 Reginos
694 1461 784 1524 scire.
1018 1463 1097 1536 1071

43 1565 103 1609 teu.
116 1542 172 1608 Sed
185 1564 221 1607 ne
234 1562 294 1635 ego
309 1543 434 1630 quidem
451 1545 622 1608 concedam
638 1545 696 1609 tibi
711 1545 836 1610 facienti
850 1545 930 1610 tau.

43 1628 216 1696 unanimis
229 1637 293 1693 e'st:
319 1629 477 1716 siquidem’
487 1642 551 1694 non
567 1633 686 1717 poteris
700 1643 756 1697 me·
763 1625 958 1719 prehendere
978 1631 1104 1718 idpiens

192 1737 294 1781 manu.

110 1801 236 1888 Jamque
250 1801 426 1867 demittitur
441 1819 565 1888 corpus,
582 1801 638 1868 tibi
654 1801 779 1894 quidem
795 1803 865 1867 nori
874 1808 966 1894 grata
979 1807 1029 1870 re's

111 1886 206 1952 Nobis
221 1909 294 1952 vero
308 1900 339 1952 et
352 1887 404 1953 isti
417 1889 606 1976 marito'qui'
617 1889 715 1955 sititui
724 1887 931 1954 comburitut'.

43 1997 101 2040 rso.
112 1973 144 2039 0
158 1973 274 2051 mulier,
290 1985 381 2038 atrox
396 1972 517 2039 facinus
530 1971 640 2039 fecisti.

41 2083 94 2127 err.
110 2059 189 2125 Perii
205 2061 308 2136 miser,
325 2061 358 2124 Ο
373 2061 504 2149 Argivae
540 2051 641 2125 uell'ae.

40 2169 101 2212 no.
112 2144 198 2223 Heu,
213 2145 284 2223 heu,
300 2144 370 2211 haee
383 2145 499 2211 horren
525 2169 543 2212 a
556 2165 675 2234 passus,

106 2231 215 2298 Oculis
228 2233 361 2297 sustines
375 2232 612 2298 audacissimam
629 2239 709 2298 remi

40 2341 91 2385 us.
105 2318 273 2469 geminem
288 2317 385 2384 alium
399 2317 562 2384 invenietis
576 2339 624 2384 me
639 2319 843 2386 missiior'etn.
1021 2327 1105 2386 1080
1142 2399 1148 2410 ·

39 2429 90 2473 ro.
152 2427 264 2470 miser.

102 2491 148 2556 Et
160 2503 195 2556 tu
209 2491 366 2578 particeps
380 2489 480 2556 faetus
495 2513 528 2556 es
542 2489 677 2556 fortunat
693 2483 821 2576 OEdtpt,
837 2485 877 2557 θ’
886 2491 992 2570 senat,

102 2570 170 2642 Pro
185 2591 240 2643 tua
253 2579 469 2680 proportione,
485 2593 516 2642 et
531 2579 643 2643 misera
657 2600 728 2643 mea
742 2578 860 2645 civitas.

39 2689 78 2731 rr.
97 2663 169 2729 Hei
183 2664 274 2741 miin,
290 2683 387 2750 quare
401 2683 466 2728 non
480 2661 554 2729 lieet
565 2663 629 2728 hoe
641 2661 833 2742 hominibus,

95 2751 159 2816 Bis
173 2749 243 2815 fieri
255 2752 396 2836 juvenes,
412 2761 444 2814 et
457 2771 563 2816 rursus
578 2747 691 2814 senes?

94 2837 187 2902 Nem
204 2833 374 2902 insedibus
388 2835 556 2924 quidemsi
572 2835 726 2924 quld‘non
741 2837 826 2901 reete
840 2827 1052 2902 rehabeatur

93 2922 337 2988 Posterioribus
351 2923 487 2987 consiliis
500 2923 714 3000 emendamus,

89 3009 209 3074 Vitam
226 3031 301 3074 vero
315 3009 483 3074 nonlicet:
506 3009 553 3073 sin
569 3009 673 3073 anteiri
689 3015 824 3073 essemus¹
833 3008 973 3095 juvenes

86 3095 156 3161 Bis
171 3107 207 3160 et
221 3117 320 3176 senes,
335 3096 359 3159 si
375 3095 445 3183 quis
459 3095 657 3182 peccavisset,

80 3181 251 3268 Duplicis
264 3183 339 3246 vitas
355 3185 515 3266 compotes
528 3179 613 3262 facti,
628 3181 864 3332 corriperemus.
1021 3189 1106 3246 1090

78 3269 170 3358 Ego
186 3269 274 3333 enim
290 3268 397 3332 videns
412 3268 489 3333 allos
503 3269 703 3354 procreantes
729 3267 842 3346 iberos,

78 3353 251 3441 Cupidus
265 3377 350 3420 eram
366 3354 538 3419 liberorum
553 3365 583 3419 et
596 3355 738 3441 peribam
753 3352 917 3419 desiderio.

71 3444 122 3508 Si
142 3463 229 3507 vero
244 3464 282 3506 ro
298 3439 667 3529 veniasem'et'gi'gneddu
681 3445 954 3542 expertuse'ssem,

69 3529 211 3605 Quam
229 3527 384 3591 miserum*
393 3529 434 3592 s'it
447 3533 568 3612 patrem
585 3527 701 3614 privari
714 3525 831 3606 liberis,

65 3615 279 3701 Nunquam
294 3614 443 3678 venissem
460 3615 491 3677 id
506 3613 569 3678 hod
582 3613 714 3696 malum,
728 3615 767 3677 in*
777 3613 860 3699 quod
876 3611 1043 3677 nund'riear'
1051 3635 1063 3674 .·

62 3701 162 3779 Qui
183 3721 262 3764 cum
278 3698 445 3784 plantatim
461 3713 492 3765 et
506 3700 667 3789 genuerim
678 3701 825 3786 juvenum

56 3787 336 3863 Fortissimum,
353 3794 462 3871 postea
476 3805 561 3851 nunc
576 3789 614 3850 db
628 3787 748 3872 privor.

50 3877 164 3961 Eja.
219 3871 307 3948 Quid
322 3873 421 3962 igitur
433 3887 558 3956 oportet
574 3895 622 3935 me
639 3874 786 3936 mi'se'rurn
802 3865 930 3935 fatere?

42 3966 78 4033 Ι
81 3955 330 4028 τε·οὃωοοῖ
346 3963 385 4024 at'
393 3958 435 4023 ibi
449 3955 647 4024 solitudinem
662 3957 790 4023 videbo·
961 4015 965 4024 .

40 4045 246 4120 Multam
261 4043 377 4110 oedium
393 4043 493 4111 eudes
516 4043 686 4110 arationem
702 4063 781 4108 meae
796 4043 879 4108 vitae.v
1023 4049 1106 4108 1100

39 4141 135 4208 An
159 4131 284 4196 vadam
299 4131 339 4196 ad
354 4131 484 4198 domum
494 4061 593 4218 itujus
609 4129 773 4218 Capanei?
1018 4211 1023 4216 ἡ

39 4217 570 4370 ῦπαὶῑὲἷὶἱῆιιοὴπηίίίἀὲωψηίῆἰζ
587 4217 838 4304 ddtnsupe'rstes
859 4217 930 4281 erat¹
948 4213 1017 4279 hasa
1038 4235 1107 4278 mea

225 4325 258 4370 ta
269 4341 323 4368 .-

568 4401 623 4456 ‘rt
