2854 4866
272 207 336 268 28⁶
652 195 981 266 EURIPIDIS

359 373 473 440 Genua
488 373 614 452 cedens,
630 395 726 438 manu
741 375 823 438 enim
840 395 903 440 non
919 375 993 442 lieet
1006 377 1083 443 milri
1098 413 1102 424 ·

357 461 524 549 Attingere
539 475 627 524 tuum
641 460 859 526 charissimum
873 477 1026 541 mentum,

360 548 478 612 Libere
492 567 552 621 me,
567 569 625 631 per
638 547 744 612 Deos:
766 546 895 648 alioqui,
910 550 1093 629 moriemur,

358 634 509 718 Turpiter
524 633 650 716 quidem
667 632 764 710 vobis,
780 633 871 698 nobrs
885 657 961 698 vero
976 637 1098 715 misere,
1115 638 1148 703 Ο
1162 661 1266 708 semer.

273 740 345 786 run.
356 719 460 784 Iubeo
476 742 530 784 vos
545 718 651 784 luxere
666 720 799 796 vincula,
815 721 996 808 prinsquam
1012 724 1125 810 sliquIs
1137 725 1301 813 lacrymer,

358 806 401 871 Et
416 806 508 892 hujus
523 827 634 905 monus
646 807 789 906 geminus
800 806 968 906 dimittere.

271 890 984 1064 '¹mittitIltitsstttllffiftti
999 994 1184 1065 punem
1199 907 1355 1053 nei?

270 1086 342 1131 reu.
355 1062 551 1141 Quomodo?
571 1087 612 1128 en
627 1078 766 1129 nostrum
783 1067 913 1130 domurn
928 1088 1019 1154 reges
1031 1067 1191 1151 profectus

357 1149 458 1216 Huc?
481 1151 555 1216 Non
570 1162 614 1215 est
628 1151 686 1216 tibi
700 1153 773 1250 setis
788 1152 944 1237 imperare
958 1153 1068 1218 incolis
1084 1155 1233 1239 Spmtae?

268 1238 430 1390 IIIIISEIIIO
436 1257 628 1388 rdillldlillll
634 1237 1126 1406 lillillddemplitelelrlrllduorerium
1141 1349 1268 1395 munus.

268 1411 474 1476 unmNonne
489 1433 557 1474 mou
572 1423 646 1474 sunt
660 1409 752 1486 illius,
768 1426 799 1474 et
813 1409 896 1473 illius
911 1409 1004 1476 meu?

269 1517 343 1563 run.
355 1498 406 1562 Ad
423 1497 503 1561 bene
516 1495 702 1646 sepiendum,
718 1517 782 1560 non
805 1511 909 1560 sutem
931 1498 1024 1575 male,
1038 1501 1194 1583 nequead
1210 1503 1242 1566 vi
1258 1504 1356 1570 iuter·

439 1583 531 1646 fioien
557 1605 621 1648 um.

269 1669 528 1756 reumNunquem
545 1668 681 1734 abduces
694 1669 778 1736 hene
791 1693 831 1734 ex
845 1691 916 1735 mee
930 1693 1035 1736 manu.

269 1777 341 1822 rm„
355 1755 537 1821 Cruentebo
553 1775 627 1821 vero
641 1770 731 1821 tuum
748 1769 842 1843 caput
857 1759 916 1821 hoo
930 1773 1063 1842 sceptro.

268 1843 497 1931 munrlttInge,
513 1855 548 1907 ut
562 1843 658 1919 noris,
673 1858 705 1907 et
717 1842 832 1906 accede
845 1843 886 1906 ed
901 1865 960 1908 me.
1291 1859 1356 1915 580

268 1951 340 1995 rer..
353 1929 447 1994 Tune
471 1930 567 2078 ipimr
592 1931 741 1994 habendus
766 1951 797 1994 es
821 1930 903 1994 inter
926 1931 1019 2007 viros,
1042 1929 1075 1995 Ο
1095 1931 1232 2014 perime
1257 1947 1291 2000 et
1314 1957 1355 2000 ex

439 2038 489 2078 me
503 2016 529 2078 is
543 2021 628 2079 orte?

354 2101 460 2168 Tuine
475 2101 556 2164 inter
572 2103 654 2165 riros
668 2102 774 2188 eliqua
788 2103 867 2168 ratio
880 2102 989 2167 heberi
1004 2100 1122 2167 debet?

353 2189 420 2264 Qui
434 2188 475 2252 ob
490 2186 618 2252 homine
633 2187 762 2275 Phryge
775 2189 915 2272 privatus
928 2187 1014 2252 fuisti
1030 2209 1142 2267 uxore,

353 2277 517 2361 Linquens
530 2275 661 2339 domum
675 2295 739 2338 non
755 2275 902 2350 clausurn,
918 2291 949 2338 et
963 2275 1029 2338 sine
1043 2276 1149 2354 servir,

354 2362 455 2438 Quasi
468 2359 601 2425 haberes
614 2374 732 2424 restem
748 2361 911 2425 mulierem
928 2360 959 2424 in
974 2359 1107 2440 nedibus,

352 2447 437 2524 Quoe
451 2447 593 2511 omnium
607 2461 653 2512 est
668 2447 809 2530 pessime.
854 2446 967 2533 Neque
980 2448 1007 2511 si
1020 2447 1094 2512 velit
1108 2447 1226 2535 nilque,

354 2532 464 2598 Puella
480 2534 645 2618 Spartano,
660 2534 759 2617 possit
772 2557 840 2598 esse
853 2546 949 2614 ceste,

351 2621 435 2697 Ques
452 2619 660 2706 relinquentes
674 2620 786 2683 domos
800 2642 872 2684 cum
882 2621 1060 2706 juvenibus,

353 2707 456 2772 Nudis
471 2703 641 2771 semoribus
655 2719 686 2770 et
700 2707 813 2770 tunicis
827 2707 940 2770 laxetis

352 2792 471 2857 Cursus
486 2809 517 2857 et
530 2792 703 2878 pelaestrns,
718 2815 783 2856 non
799 2791 976 2858 tolerandos
990 2791 1079 2871 mihi,
1289 2807 1358 2868 590

352 2880 545 2944 Communes
558 2879 692 2944 habent:
716 2879 831 2944 deinde
844 2901 884 2942 en
900 2879 1010 2944 mireri
1023 2893 1160 2964 oportet,

352 2966 387 3032 Si
402 2987 465 3029 non
481 2965 620 3030 educetis
635 2965 781 3030 mulieres
795 2964 919 3030 custos?

353 3051 512 3117 Helenam
527 3053 677 3124 convenit,
690 3052 758 3115 haeo
772 3053 979 3140 interrogare,
994 3073 1067 3140 quoe
1080 3073 1123 3116 ex
1137 3052 1273 3136 sedibus,

349 3137 458 3203 Tuum
473 3138 653 3224 relinquens
665 3141 770 3206 Jourm
784 3139 994 3224 oonjugelem‚
1010 3138 1281 3227 lasciue-profugit

350 3223 432 3288 Cum
449 3223 518 3287 viro
526 3225 643 3309 jurene
656 3225 688 3286 in
704 3225 796 3288 elinm
812 3237 938 3290 terrem.

348 3309 477 3378 Deinde
490 3324 620 3396 propter
635 3309 720 3374 illem
736 3310 925 3376 Graecorum
940 3311 1112 3376 exercitum

349 3396 490 3462 Tantum
504 3419 702 3486 congregans
715 3395 833 3462 duxisti
847 3400 887 3462 od
905 3397 1017 3464 Ilium:

349 3483 454 3561 Quum
470 3484 640 3570 oportebat
653 3497 685 3548 te
698 3501 924 3568 conspuentem
939 3505 1004 3548 non
1019 3505 1145 3549 morere
1158 3483 1296 3570 hostem,

348 3570 432 3635 Cum
446 3571 614 3636 invenisses
627 3571 754 3648 molem,
770 3570 825 3636 sed
840 3571 941 3636 sinere
955 3571 999 3634 ibi
1017 3591 1153 3647 menese,

348 3656 529 3723 Mercedem
557 3658 748 3735 uouentem,
764 3679 926 3742 nunquam
942 3657 974 3720 in
989 3655 1074 3722 edes
1087 3677 1153 3722 eon
1168 3657 1325 3744 recipere.

347 3744 409 3809 Sed
425 3767 445 3808 o
485 3767 526 3809 ue
532 3679 603 3808 (lruc
616 3743 748 3809 feliciter
762 3743 912 3829 appulisti
925 3755 1016 3810 tuum
1030 3743 1185 3808 animum.
1289 3755 1360 3816 600

348 3830 391 3896 Et
406 3853 446 3914 pe
486 3831 570 3896 idisti
585 3831 702 3894 multos
716 3843 748 3896 et
761 3843 947 3916 prestantes
960 3829 1054 3906 viros,

346 3915 389 3982 Et
403 3917 501 3982 iecisti
515 3917 623 3982 multos
636 3939 715 3983 auus
728 3917 855 3982 orbatos
871 3916 978 3981 liberis
993 3917 1026 3980 iu
1040 3913 1174 3994 sedibus,

347 4003 506 4090 Canisque
522 4003 704 4088 perentibus
718 4003 874 4068 obstulisti
888 4025 1057 4091 generosos
1070 4000 1197 4066 liberos

345 4089 493 4166 Quorum
509 4113 569 4178 ego
584 4089 693 4154 infelix
707 4110 799 4166 unus,
814 4111 1032 4174 percussorem
1046 4101 1153 4154 autem
1166 4101 1210 4164 te,

345 4175 514 4261 Tanquam
529 4177 665 4264 aliquem
681 4176 821 4242 Genium
836 4175 966 4254 melum,
980 4173 1114 4240 Achillis
1128 4174 1264 4242 intueor.

343 4263 411 4340 Qui
426 4265 510 4328 solus
524 4284 565 4328 ne
579 4264 760 4328 vulneretur
774 4263 902 4349 quidem
919 4261 1028 4328 venisti
1043 4283 1084 4328 ex
1100 4259 1212 4350 ijs.
1247 4317 1251 4328 .
