2862 4864
362 181 618 252 IPHIGENIA
638 183 689 252 IN
711 182 902 253 TAURIS.
1032 290 1036 300 1
1116 194 1175 252 951

176 357 223 426 Ut
236 375 337 423 mem
355 357 461 448 Argis,
475 371 507 424 ct
521 371 578 424 tuo
591 371 763 446 conspectu
778 359 909 438 fruerer,
926 357 959 424 0
972 354 1078 428 ir'oter.

175 443 399 510 Misericordia
420 465 494 510 vcro
515 467 591 510 more
611 446 732 524 eadem,
748 469 821 534 quoe
843 459 890 525 tu,
905 459 999 534 teque
1018 447 1179 514 laboribus

258 532 308 596 itis
320 533 409 614 cupio
422 529 566 608 liberare,

175 615 453 702 laborantemque
466 615 608 694 domum,
623 618 819 684 interfectori
832 639 904 684 meo
918 639 983 684 non
1113 629 1177 688 900

174 701 312 780 Infensa,
327 713 492 789 paternum
506 703 627 792 erigere
641 703 729 768 noio:

172 787 308 854 Acoede
322 788 406 853 enim
422 803 477 854 tua
492 811 622 854 inunum
635 789 873 867 abstinebimus,

173 875 380 962 Servaboque
392 874 540 941 domurn:
563 873 655 940 deam
673 895 747 940 vero
761 875 922 964 quomodo
935 875 1034 944 lutere
1045 879 1165 960 putrirtt,

173 959 295 1038 Metuo,
310 974 344 1026 et
360 961 491 1050 Regem,
508 959 636 1046 quando
648 983 782 1028 vacuam

174 1046 289 1112 Sedem
303 1069 428 1113 meam
443 1059 555 1114 stature
568 1047 733 1114 invenerit.

172 1132 348 1210 Quomodo
371 1135 456 1266 enim
481 1143 551 1199 ton
572 1154 639 1198 non
662 1132 804 1200 moriar?
832 1155 978 1220 quaenam
1007 1135 1068 1200 erit
1096 1133 1174 1200 mihi

258 1219 440 1285 excusatio.

173 1304 295 1371 Verum
311 1305 338 1370 si
352 1305 444 1370 simol
459 1303 530 1370 baec
543 1305 650 1370 omnia
663 1327 764 1371 uuum
779 1305 938 1392 quoddam
956 1305 1045 1380 fient.

174 1390 216 1456 Et
229 1403 367 1457 statuum
382 1391 505 1458 auferes
519 1403 551 1456 ct
564 1413 616 1456 mc
631 1393 664 1456 iu
674 1393 797 1458 firmam
812 1394 943 1479 puppim
955 1391 1091 1460 habente
1099 1393 1173 1460 navi

173 1477 334 1555 Abducas,
350 1477 420 1544 boec
434 1477 622 1564 periclitatio
634 1479 697 1544 crit
711 1477 879 1565 prteclura:

173 1561 292 1630 Verum
307 1563 509 1652 egoquidem
524 1563 640 1629 abbae
655 1566 796 1650 sejuncto
809 1563 930 1651 peribo,
1108 1573 1173 1643 970

172 1647 224 1716 Τιι
238 1671 316 1716 vero
329 1663 387 1716 tua
398 1671 434 1716 re
446 1649 619 1716 constituta
633 1649 748 1716 redibis
761 1653 890 1716 morum.

173 1735 244 1825 ugo
257 1749 365 1802 nmen
380 1757 444 1802 non
460 1735 548 1824 fugio
563 1736 664 1802 ulium
676 1737 964 1824 periculum,nequs
974 1737 999 1802 si
1009 1737 1088 1802 mihi
1103 1759 1172 1804 uto·

255 1821 401 1888 riendunt
416 1823 467 1900 sit,

173 1907 218 1975 Ut
232 1921 264 1974 ts
277 1931 416 1974 servem:
439 1909 486 1974 vir
500 1909 583 1974 euim
600 1911 632 1973 in
647 1906 767 1974 familie

172 1991 321 2060 Mortuus
335 2006 380 2060 est
392 1995 614 2072 desiderabilis,
625 1993 772 2060 mulieres
785 2015 862 2060 vero
876 1995 966 2080 parvi
979 1995 1073 2080 pretii
1086 2009 1170 2062 sunt.

94 2097 166 2142 ou.
175 2079 346 2170 Nunquam
361 2081 435 2148 fiam
451 2093 484 2146 et
496 2093 570 2148 tuus
583 2095 615 2147 et
628 2082 737 2147 mutris
752 2079 948 2146 interfectore

172 2167 252 2234 sart·
266 2179 313 2234 cst
329 2167 412 2233 illius
426 2168 545 2234 caudes:
568 2167 679 2233 eudem
695 2189 770 2232 vero
785 2168 921 2232 sentiens
936 2189 1008 2254 quae
1022 2181 1069 2249 tu,

171 2253 212 2318 Et
225 2253 333 2319 vivens
346 2253 418 2320 volo
431 2267 465 2320 et
478 2266 621 2319 mortuus
634 2275 743 2356 parem
756 2264 866 2318 sortem
882 2255 1028 2322 nancisci.

170 2339 335 2406 Abducnm
350 2340 435 2404 enim
450 2353 492 2423 te,
507 2341 533 2405 si
548 2361 598 2406 res
612 2338 665 2405 hrc
680 2339 761 2405 bene
774 2338 954 2418 ceciderint,

172 2425 325 2506 Domum,
339 2425 389 2492 vel
404 2439 507 2492 tecum
523 2439 667 2492 mortuus
682 2427 730 2492 tn'c
742 2429 888 2512 manebo.

169 2511 254 2578 Audi
265 2525 372 2578 autem
384 2513 570 2580 sententium
581 2535 700 2578 nicom:
716 2513 741 2576 si
751 2512 919 2578 molestum
930 2511 993 2578 boc
1003 2523 1085 2578 esset
1104 2521 1168 2580 980

168 2597 294 2676 Dianae,
310 2599 472 2686 quomodo
488 2597 631 2664 Phoebus
639 2599 784 2685 jussisset

168 2683 225 2749 Me
237 2684 362 2750 deferre
375 2699 510 2752 statuam
525 2685 595 2750 deoe
608 2685 642 2749 in
659 2684 768 2750 urbem
786 2683 923 2750 Palladis

170 2768 212 2835 Et
223 2785 312 2837 tuam
326 2771 442 2837 intueri
455 2771 566 2838 faciem
580 2767 743 2837 duxisset?
763 2770 871 2836 omnia
884 2769 967 2834 enim

168 2857 248 2922 Huc
262 2857 297 2922 in
313 2879 412 2924 unum
426 2858 557 2924 collecta
570 2857 780 2944 perpendens,
796 2879 888 2942 spero
898 2877 956 2921 nos
970 2855 1088 2922 reditus
1102 2855 1169 2922 iore

250 2966 321 3010 com
368 2959 425 3011 tes.

92 3045 154 3092 reu.
166 2965 366 3106 Quomodb)o
354 3043 457 3116 potest
470 3053 548 3118 ergo
559 3030 638 3108 fieri,
653 3031 697 3095 ita
711 3041 747 3096 ut
760 3050 863 3115 neque
877 3049 935 3093 nos
948 3049 1123 3114 pereamus,

168 3115 210 3182 Et
222 3127 325 3182 tossen
338 3119 519 3183 auferamus
533 3141 587 3182 ea:
610 3139 682 3204 quae
697 3115 841 3180 volumus
856 3115 915 3180 hcc
929 3115 1014 3180 enim
1029 3115 1154 3180 laborat

167 3199 300 3268 Reditus
314 3205 352 3268 sd
366 3203 497 3268 domus:
520 3205 665 3268 voluntas
679 3201 806 3287 quidem
820 3223 891 3268 mea
905 3223 969 3267 non
983 3202 1101 3268 delicit.

90 3303 158 3350 otu
167 3289 220 3352 An
235 3301 407 3376 quonum
423 3288 600 3356 interficere
613 3287 798 3374 possemus?

90 3389 153 3436 reu.
165 3373 384 3441 Periculosum
408 3387 452 3442 est
476 3375 549 3454 boc,
572 3377 653 3461 quod
671 3374 791 3457 dixisti,
814 3373 953 3460 hospites
977 3374 1018 3440 ab
1040 3373 1167 3440 advenis

249 3461 398 3528 interimi.

87 3561 153 3610 ott.
162 3545 282 3614 Verum
293 3549 320 3612 si
329 3548 390 3614 hoc
402 3545 497 3613 fuerit
510 3547 602 3614 saluti
615 3547 693 3612 mihi
704 3561 736 3614 et
746 3547 815 3626 tibi,
825 3546 1081 3634 periclitandum.
1102 3553 1167 3612 990

87 3649 150 3696 teu.
164 3631 237 3698 Non
252 3655 378 3720 possem
393 3657 463 3722 ego,
478 3633 762 3720 promptitudinem
777 3655 852 3700 vero
862 3647 950 3699 tuum
965 3631 1072 3699 laudo.

87 3735 152 3782 otu.
162 3719 252 3796 Quid
268 3742 354 3798 vero,
370 3721 395 3784 si
409 3720 548 3786 occultes
562 3743 614 3786 me
627 3720 706 3786 clam
723 3721 756 3784 iu
772 3719 832 3785 hoc
848 3717 989 3804 templo?

87 3821 151 3868 ππ.
165 3805 211 3872 Ut
226 3807 371 3872 sabinos
386 3809 531 3872 tenebras
545 3807 629 3872 nacti
644 3805 814 3872 enodemus
829 3801 1026 3871 incolumes?

87 3909 155 3956 otc.
167 3891 290 3958 Forum
305 3893 390 3958 enim
406 3904 450 3958 est
465 3914 540 3974 nox,
554 3893 695 3958 veritatis
709 3914 785 3957 vero
799 3892 868 3956 lux.

87 3993 148 4042 tre.
160 3979 245 4044 Sunt
260 3979 345 4044 intus
359 3979 440 4044 socri
454 3979 611 4058 custodes,
624 4001 705 4065 quos
720 3999 784 4042 non
799 3977 950 4044 saliemus.

85 4081 148 4128 οιι
160 4063 224 4130 Hei
241 4063 332 4142 mibi,
349 4066 497 4148 periimus
510 4064 518 4130 Ι
543 4063 719 4142 Quomodo
732 4067 828 4150 igitur
841 4061 1061 4128 testabimur?

89 4165 147 4216 trs.
163 4150 285 4218 Videor
299 4149 377 4216 ruihi
392 4149 509 4218 habere
523 4151 684 4238 quoddam
700 4173 816 4217 novum
833 4151 1006 4216 inventum.
