2802 4858
402 175 748 316 PHOENissAE.

134 419 208 488 Rex
222 420 351 510 quidem
366 419 445 488 abiit
459 435 589 487 ornatus
603 425 698 487 armis
723 411 727 419 ’

131 509 205 575 Jam
219 507 261 573 ed
275 529 414 597 pugnam
432 509 577 574 Eteocles
593 509 763 598 Argiuam:

130 593 179 660 Et
192 594 272 659 mihi
287 595 449 659 mandavit
462 611 497 659 ut
512 596 638 660 audiam
653 609 749 672 exte,

134 679 224 759 Quid
237 681 400 758 facientes,
419 682 557 746 maxime
572 703 729 748 servemus
743 680 864 746 urbem.

55 789 118 835 ms.
133 767 273 834 Eteoclis
287 767 416 854 quidem
431 789 524 833 causa
539 767 647 832 clauso
660 791 715 832 ore

134 853 342 919 Reticuissem
357 853 496 931 oracula,
512 853 569 918 tibi
585 875 669 934 vero,
685 852 941 940 quandoquidem
956 854 1002 918 vis
1015 851 1136 931 audire,

130 939 266 1007 Dicam:
290 939 432 1005 Laborat
446 942 530 1005 euim
546 942 616 1006 baec
631 942 792 1026 terrajam
807 939 940 1024 pridem,
957 939 990 1008 Ο
1006 940 1121 1017 Creon,

123 1025 186 1092 'Ex
203 1049 267 1114 quo
282 1025 382 1090 Laius
395 1027 531 1112 suscepit
544 1027 662 1091 liberos
676 1025 781 1090 inritis
795 1025 865 1104 diis,
1072 1033 1136 1095 870

132 1110 177 1178 Et
190 1113 303 1197 genuit
317 1112 464 1176 maritum
479 1113 572 1176 matri
587 1113 736 1176 miseriun
753 1111 931 1197 OEdipum3
1191 1123 1194 1134 '

134 1198 269 1285 lliaeque
283 1211 423 1262 ementoe
437 1199 601 1263 oculorum
617 1199 753 1263 rationes
1012 1256 1016 1266 .

132 1285 279 1350 Deorum
293 1295 364 1349 sunt
378 1283 559 1365 artificium,
574 1297 606 1349 et
621 1285 847 1350 demonstratio
860 1307 918 1371 per
933 1284 1100 1350 Gratiam.

131 1373 215 1440 Quae
230 1370 392 1435 occultare
405 1369 464 1434 filii
479 1371 592 1456 OEdipi
607 1371 659 1436 lou
718 1387 860 1457 tempore

132 1455 296 1534 volentes,
311 1470 463 1541 tanquam
479 1457 637 1546 effiagituri
687 1481 749 1534 eos,

134 1543 334 1608 Erraveruut
349 1543 459 1608 stulte:
481 1544 680 1631 nequeenim
697 1543 849 1608 honorem
864 1543 957 1630 patri,
999 1616 1003 1628 ι

133 1629 247 1714 Neque
260 1627 396 1694 liberum
411 1630 530 1693 exitum
545 1630 665 1708 dautes,
680 1629 840 1694 homiuem
855 1632 1003 1694 miserum

132 1717 360 1781 irritaverunt:
384 1713 483 1780 edidit
498 1716 582 1780 euim
597 1719 630 1779 in
645 1738 698 1781 eos
713 1717 953 1802 imprecationes

132 1802 230 1868 Diras
244 1813 468 1890 oegrotansque
481 1813 513 1866 et
526 1815 681 1888 praeterea
694 1803 868 1889 ignominia
882 1801 1021 1867 affectus.

15 1909 22 1926 ·
134 1888 272 1973 Propter
287 1910 359 1974 quae
374 1909 434 1974 ego
449 1887 525 1973 quid
541 1909 605 1952 nou
621 1887 747 1966 faciens,
764 1887 879 1974 quidve
894 1910 958 1953 nou
973 1887 1092 1966 dicens,

135 1974 219 2038 Veni
237 1975 269 2038 iu
284 1973 393 2038 odium
410 1973 547 2038 filiorum
565 1973 707 2058 OEdipi'?
1073 1981 1133 2040 881

132 2060 361 2212 Ρτορὸηέῐεπι
378 2059 466 2124 adest
480 2081 565 2125 mors
579 2061 721 2147 ipsorum
745 2061 891 2126 manibus
905 2075 1036 2126 ventura
1050 2061 1137 2147 ipsis,

301 2167 395 2211 reon:

134 2232 234 2298 Multi
249 2254 326 2297 vero
341 2237 456 2298 monui
466 2236 561 2320 justa
577 2247 718 2301 mortuos
732 2235 821 2321 lapsi,

133 2321 259 2408 Argiva
273 2333 305 2383 et
320 2318 477 2384 Thebana
490 2323 656 2386 miscentes
670 2321 742 2398 teia,

131 2405 294 2472 Acerbum
309 2404 433 2471 dabunt
446 2409 566 2471 luctum
582 2420 675 2472 terrae
691 2406 865 2473 Thebanae.

131 2491 185 2557 Tu
200 2513 289 2570 vero,
306 2491 338 2558 0
355 2492 468 2556 misera
481 2492 567 2570 urbs,
583 2493 675 2558 simui
691 2494 847 2570 everteris,

132 2579 203 2644 Nisi
221 2577 422 2643 sermonibus
436 2579 513 2644 meis
526 2578 640 2666 aliquis
654 2579 925 2666 obtemperaverit.

133 2665 216 2732 Nam
233 2664 315 2729 iilud
331 2665 457 2750 quidem
467 2664 640 2750 plurimum
655 2679 732 2744 erat,
749 2687 789 2730 ex
804 2665 877 2729 filiis
894 2661 1009 2748 OEdipi

133 2751 305 2817 Neminem
320 2751 432 2829 civem,
445 2773 547 2839 neque
561 2775 666 2854 regem
682 2775 750 2818 esse
764 2765 867 2825 terrae,

134 2837 234 2914 Quod
250 2836 341 2902 malis
355 2839 515 2926 agitentur
529 2859 639 2926 genus,
656 2839 792 2904 eversuri
806 2847 880 2902 sunt
894 2835 1016 2901 urbem.
1076 2843 1139 2902 890

135 2924 311 3010 Postquam
326 2941 432 2989 autem
447 2925 566 2988 maium
581 2926 739 3009 potentius
754 2924 812 2990 suit
826 2923 922 3001 bono,

134 3009 212 3075 Una
227 3023 324 3075 restat
338 3009 399 3076 alia
414 3011 496 3075 ratio
510 3010 635 3075 salutis:

134 3096 309 3162 Sed-nou
326 3097 411 3161 enim
427 3109 475 3161 est
490 3096 567 3161 mihi
582 3109 687 3162 tutum
701 3098 763 3162 hoc
778 3096 893 3173 dicere,

133 3181 361 3268 Acerbumque
375 3193 422 3248 est
437 3203 594 3247 summam
609 3205 716 3249 rorum
733 3183 929 3258 habentibus,

133 3268 216 3333 Urbi
231 3268 383 3334 exhibere
396 3269 603 3354 pharmacum
619 3270 772 3336 salutis-

134 3355 237 3430 Abeo,
255 3355 374 3420 valete:
410 3356 504 3421 Unus
518 3356 602 3420 enibr
619 3379 692 3420 cum
708 3355 815 3420 multis

132 3439 230 3509 Quod
244 3439 387 3505 futurum
402 3455 459 3519 est,
475 3443 501 3504 si
514 3455 650 3527 oportet,
666 3442 787 3526 patiar:
811 3439 887 3526 quid
902 3439 989 3504 enim
1002 3435 1139 3504 faciem?

26 3541 122 3590 can.
134 3525 236 3592 Mane
250 3527 313 3602 bic,
330 3549 435 3592 senes.
479 3548 550 3592 cin.
575 3527 625 3592 Ne
639 3549 691 3594 me
704 3527 893 3614 prebendas.
994 3560 999 3580 ι

26 3629 117 3676 ειη.
135 3611 253 3678 Mane:
300 3611 355 3676 uid
371 3611 454 3700 fugis
468 3611 541 3678 me?
584 3635 655 3680 ms.
680 3613 821 3680 Fortuna
838 3629 869 3678 te
882 3610 976 3700 fugit,
986 3632 1051 3675 non
1067 3631 1139 3696 ego.

27 3716 119 3762 cen.
130 3698 243 3764 Dicito
258 3635 390 3764 adiutem
407 3700 526 3764 civibus
541 3712 572 3765 et
586 3700 668 3765 urbi.
988 3716 993 3722 ·
1073 3705 1138 3762 900

28 3805 106 3850 trra.
132 3783 188 3849 Tu
202 3787 290 3850 modo
304 3787 430 3872 quidam
446 3783 510 3864 vis,'
520 3785 574 3851 sed
589 3809 665 3850 mox
680 3809 744 3852 uon
761 3788 855 3851 voles.
1219 3789 1222 3794 ’

29 3891 114 3936 τη.
130 3869 310 3947 Quomodo
325 3894 399 3936 vero
414 3895 478 3937 non
494 3874 568 3938 volo
582 3895 706 3937 servare
720 3889 835 3956 terram
851 3864 1011 3956 patriam?
1129 3917 1135 3928 .

30 3979 54 4024 ἰ
64 3981 107 4022 u.
126 3957 188 4022 Vis
203 3956 304 4045 igitur
317 3959 440 4036 audire,
455 3973 488 4024 et
502 3957 629 4024 studes?

31 4065 107 4110 ιε.
121 4043 182 4108 Ad
198 4044 276 4144 quid
290 4046 376 4108 enim
390 4045 476 4110 aliud
492 4067 543 4110 me
556 4045 840 4130 promptitudinem
855 4035 1129 4129 oportethabere?

32 4151 97 4200 ra.
122 4129 256 4196 Audies
270 4131 368 4218 igitur
377 4133 445 4218 jam
460 4153 531 4196 mea
545 4131 681 4195 oracula.

123 4215 199 4282 Sed
215 4217 303 4300 prius
317 4217 379 4281 boo
393 4230 481 4282 certo
495 4238 686 4306 cognoscere
700 4215 782 4292 volo,

120 4302 275 4372 Ubinam
292 4301 333 4367 sit
348 4303 543 4382 Menoeoous,
559 4305 612 4391 qui
628 4323 680 4368 me
691 4301 755 4366 huc
769 4298 925 4367 adduxit?

34 4413 100 4462 ez.
116 4387 191 4456 lile
206 4411 272 4455 nou
288 4389 399 4474 procui
416 4390 520 4456 abest:
543 4411 643 4475 prope
660 4411 733 4455 vero
748 4402 779 4455 te
793 4399 882 4453 astat.

580 4495 604 4538 ss
633 4483 653 4538 2
