2784 4864
249 183 289 242 ιο
488 211 493 224 «
630 161 960 238 Eualplnls

332 344 417 409 Casu
433 342 562 407 meliore
576 342 702 430 obtigit.

246 453 303 498 cn.
331 431 374 496 Et
387 429 515 517 quidem
531 428 659 515 Ulysses
673 428 759 496 uenit
771 427 930 494 celeritate
943 429 1043 515 pedit,

333 513 481 592 Hecuba,
498 537 613 580 novum
629 513 757 602 aliquod
766 514 824 580 tibi
839 515 1071 603 siguifioutumrr
1084 515 1239 580 verbum.

248 625 305 672 ut.
335 604 368 669 0
383 603 507 674 mulier.
522 603 672 665 existimo
685 600 812 686 quidem
826 614 857 667 te
878 603 959 667 scire
972 602 1160 668 seutentiam
1173 605 1363 686 exercitus,

310 729 314 743 ι
333 687 566 774 Culculumque
579 688 634 773 qui
646 689 799 754 obtinuit:
821 700 854 754 nt
867 701 972 756 tomen
987 689 1101 754 dicum

332 776 447 850 Visum
461 788 508 839 eet
522 772 756 840 Graecisfiliem
772 787 859 838 tuam
875 774 933 839 Pol
957 797 1074 840 xenem

334 862 480 929 Mactcre
493 859 534 925 ad
548 859 707 924 excelsum
722 882 869 946 aggerem
884 798 1023 926 Acbillei
1034 861 1204 947 sepulchri.

335 950 403 1014 Nos
417 969 491 1012 vero
505 947 635 1014 comitet
648 959 680 1012 et
694 945 885 1014 adducturos
896 947 1016 1032 puellm

334 1035 495 1101 Ordinant
508 1054 592 1097 esse:
617 1033 771 1100 sacrificii
782 1055 857 1097 uero
870 1033 1038 1118 praefeotos
1293 1044 1364 1101 220

333 1121 549 1205 sacerdosque
562 1131 695 1184 statutus
708 1133 755 1184 ert
768 1118 862 1204 hujus
874 1119 957 1184 filine
971 1119 1120 1186 Achillis.

334 1209 428 1273 Foris
441 1207 538 1294 igitur
552 1205 668 1270 nostin’
684 1205 783 1292 quid?
806 1227 911 1292 neque
923 1207 1066 1271 avelleris
1079 1207 1124 1285 vi,

303 1313 304 1318 ¹
333 1295 447 1380 Neque
460 1292 500 1358 ad
515 1313 666 1360 mentium
682 1305 839 1358 certamen
855 1293 1071 1380 congrediaris
1084 1315 1232 1360 mecum:

335 1379 399 1446 Sed
412 1399 548 1468 agnosce
562 1379 642 1442 vires
656 1391 688 1442 et
701 1379 899 1464 presentium
914 1379 1070 1444 melorum

334 1467 491 1532 Tuorum.
534 1469 556 1502 “
572 1463 691 1530 Scitum
721 1475 776 1542 est,
806 1467 900 1530 etiem
930 1466 964 1529 in
984 1466 1087 1544 maim,
1112 1467 1244 1544 sentire,
1281 1489 1362 1552 qum

419 1575 439 1616 o
463 1551 576 1614 ortet.'’

249 1638 400 1715 unc.Ab‚
414 1573 465 1714 aii,
481 1639 576 1700 instat
590 1641 640 1720 (ut
653 1634 788 1716 videtur)
804 1652 961 1702 certamen
976 1639 1097 1724 ingens,

336 1725 469 1791 Plenum
484 1723 670 1810 gemituum,
685 1743 743 1786 nec
757 1722 968 1809 lacrymarum
982 1725 1089 1790 inune.

336 1813 379 1877 Et
392 1833 453 1898 ego
467 1810 551 1874 enim
566 1829 630 1874 non
645 1821 773 1872 mortue
787 1831 867 1886 sum,
882 1811 936 1873 ubi
952 1833 1002 1874 me
1016 1823 1204 1896 oportuerat
1217 1813 1324 1892 mori,

335 1899 367 1963 N
408 1919 447 1960 ue
459 1895 599 1981 perdidit
610 1915 660 1958 rue
673 1895 815 1978 Jupiter:
839 1895 951 1960 Nutrit
964 1919 1049 1975 reru,
1066 1911 1101 1964 ut
1114 1898 1245 1963 rideam

336 1983 414 2049 Ma'
446 1981 529 2046 muln
541 1980 603 2046 eliu
617 1981 737 2066 majora
749 1979 858 2046 intelix
872 2004 943 2069 ego.
1286 1993 1356 2050 930

336 2070 371 2136 si
385 2090 462 2132 vero
475 2065 549 2132 licet
562 2067 657 2131 servis
671 2067 787 2130 liberos

336 2156 411 2220 Non
425 2154 548 2232 acerbe,
563 2175 665 2240 neque
679 2174 735 2218 eor
747 2153 935 2238 mordentia,

336 2241 532 2320 Perconturi,
545 2239 604 2305 tibi
617 2239 743 2326 quidem
758 2261 933 2306 termonem
947 2240 1033 2305 finiri
1046 2254 1185 2326 oportet,

336 2326 438 2392 Nobis
452 2349 526 2391 vero
539 2323 715 2391 auscultare
729 2325 897 2426 paulisper,
911 2326 982 2394 hoec
995 2328 1281 2417 interrogantibus.

253 2436 307 2480 ur..
335 2414 436 2491 Licet,
451 2413 629 2500 interroger
651 2425 776 2496 tempos
788 2433 874 2477 curm
887 2435 953 2478 non
968 2413 1103 2481 invideo.

251 2521 329 2569 nnc.
337 2501 405 2566 Scis
419 2499 546 2586 quando
561 2497 671 2562 venisti
689 2497 741 2562 ilii
753 2497 932 2584 exploretur

336 2587 458 2652 Lucero
471 2587 588 2650 amictu
601 2583 758 2661 deformis,
774 2599 807 2653 et
819 2585 860 2649 ab
873 2585 975 2650 ocuiie

337 2672 472 2738 Fraudis
485 2684 584 2759 gutte
598 2683 686 2736 tuem
699 2669 874 2758 irrigabunt
884 2671 1038 2738 bubum?

251 2779 305 2825 un.
334 2759 434 2835 Nori;
456 2779 521 2822 non
537 2757 622 2822 enim
634 2758 698 2820 daec
711 2779 759 2822 res
772 2757 970 2842 superficiem
981 2757 1119 2844 pectoris
1132 2759 1239 2848 ettigt
1254 2758 1330 2823 mci.

251 2847 366 2912 unuA
412 2844 478 2908 orit
491 2864 566 2908 vero
580 2857 611 2906 te
627 2841 762 2920 Heleon,
777 2855 811 2908 et
824 2844 882 2908 soli
897 2845 1054 2910 nuntiavit
1068 2843 1169 2910 mibi?
1284 2851 1352 2910 240

252 2952 306 2997 un.
376 2931 544 2996 eminimue
557 2929 590 2993 in
605 2927 778 3015 periculum
793 2952 851 2994 nor
863 2932 984 2996 uenisse
998 2952 1161 3020 mgnum.

251 3039 329 3084 unc.
338 3017 480 3105 Attigisti
494 3038 569 3082 vero
581 3038 687 3103 genua
702 3037 772 3080 mee
784 3015 912 3081 humilis
925 3015 1086 3084 mmmm?

253 3126 306 3170 un.
335 3108 381 3170 Et
391 3105 511 3189 quidem
524 3101 604 3168 adeo
619 3115 656 3167 ut
669 3103 889 3168 immoreretur
902 3105 937 3168 io
951 3115 1008 3170 tue
1020 3107 1106 3168 reete
1119 3125 1235 3170 merrus
1251 3127 1333 3171 meo.

251 3211 328 3260 unc.
335 3189 425 3266 Quid
439 3212 513 3254 sane
527 3188 654 3254 dicebas
668 3211 775 3252 servos
788 3211 877 3254 meur
890 3191 1030 3256 existent
1044 3188 1137 3254 tum?

253 3299 307 3344 nr..
338 3275 514 3342 Multorum
529 3297 707 3340 sermonum
725 3276 861 3354 invento,
876 3291 986 3342 utnon
1001 3298 1152 3341 morerer.

252 3385 327 3430 nnc.
336 3362 463 3428 Servavi
476 3373 507 3428 te
520 3363 626 3451 igitur,
641 3361 793 3447 emieique
806 3385 847 3427 err
860 3355 967 3428 terre?

252 3471 306 3515 ur.
334 3449 425 3516 Adeo
438 3450 581 3514 uterium
597 3471 683 3514 nunc
696 3448 843 3533 aspiciam
858 3449 964 3515 locem
976 3449 1052 3514 solis
1064 3449 1158 3516 barre.

253 3538 455 3604 unc.Aunon
470 3557 548 3622 ergo
561 3535 664 3600 mulus
678 3536 820 3621 argueris
834 3558 874 3600 en
888 3537 951 3602 tuis
965 3536 1040 3620 ipris
1053 3535 1205 3612 musitio,

337 3623 404 3700 Qui
419 3645 460 3686 ex
474 3645 525 3686 me
539 3622 619 3686 bene
633 3643 743 3706 pessus
759 3644 803 3703 ee,
817 3623 924 3709 quolin
936 3622 1019 3688 dicit
1028 3635 1061 3687 te
1074 3643 1202 3706 merum
1216 3643 1298 3700 esee,

338 3709 429 3774 Fecit
439 3731 514 3772 vero
527 3707 609 3772 nibil
618 3708 705 3774 rubis
716 3707 806 3788 bene,
819 3709 875 3775 sed
885 3709 976 3786 mode,
988 3709 1270 3798 quuntumpotet?
1285 3715 1346 3774 250

337 3795 504 3896 Ingratum
518 3807 656 3860 vestrum
677 3817 787 3883 genus,
803 3796 985 3883 quicunque
997 3796 1083 3882 opud
1098 3793 1255 3882 populum
1279 3817 1349 3862 ore·

339 3894 676 4033 soetddibbsuonoroe:
699 3967 820 4033 utinam
836 3989 903 4032 noo
916 3967 1155 4056 cognoscemini
1167 3965 1261 4047 mibi,

338 4053 404 4130 Qui
420 4053 496 4116 nihil
512 4055 606 4139 penei
616 4053 740 4120 bebetis
749 4055 869 4120 nmium
877 4055 1002 4133 indere,

340 4141 374 4206 Si
389 4139 584 4206 multitudini
599 4141 639 4207 ud
652 4143 787 4228 grutinm
802 4141 915 4208 dicatio
928 4143 1054 4229 aliquid.
