2888 4856
397 229 650 298 HERCULES
674 229 871 302 FURENS
1108 245 1170 302 593

164 405 308 483 Tolletis,
323 418 355 470 et
368 405 427 470 viri
442 405 682 493 hujusimpium
694 429 734 472 ou
758 421 796 474 ut

167 489 407 560 Cruentebitis?
451 493 484 556 ui
498 514 571 558 cum
586 493 705 558 nonsit
774 493 904 573 ebenus,
976 556 980 570 ,

167 514 496 665 Imperetjuniorihus
510 580 683 664 improbus,
698 579 820 646 eduens
833 602 904 646 cum
920 579 983 648 eit?

167 664 288 730 Verum
303 681 338 730 tu
353 685 416 728 non
433 664 600 750 imperabis
615 665 693 728 mihi
709 687 846 752 uuquam
863 667 966 746 loetue,

167 749 292 838 Neque,
308 771 380 838 quse
401 771 462 838 ego
476 751 577 816 multo
591 750 700 816 labore
713 753 858 816 munibus
873 753 950 818 meis
963 757 1154 840 comporevi,

133 845 139 852 '
167 835 325 914 Habebis,
342 835 397 902 sed
414 859 488 902 cum
508 851 563 902 tue
581 838 718 922 pernicie
738 837 912 916 discedens,
937 841 1022 906 unde
1043 843 1165 920 venisti,

254 922 328 1000 illic,

164 1009 259 1076 Jecte
272 1022 320 1074 ter
343 1031 415 1074 nem
432 1030 483 1075 me
497 1009 628 1094 virente,
641 1030 802 1096 nunquam
817 1011 939 1078 occides

166 1093 300 1160 Liberos
316 1094 509 1160 Herculeos:
532 1117 596 1159 uon
612 1109 674 1162 tero
690 1097 800 1181 procul
815 1111 929 1162 terrem

166 1180 282 1248 Subter
296 1181 372 1248 lutet
386 1180 501 1246 relictis
515 1181 631 1246 liberis.
1101 1193 1164 1254 260

167 1265 252 1332 Nem
267 1279 303 1333 tu
317 1267 445 1354 quidem
461 1269 543 1334 bunc
558 1283 673 1332 terrem
688 1268 865 1353 perdidisti,

167 1352 227 1418 Ille
240 1375 316 1418 vero
329 1375 402 1418 cum
418 1353 571 1438 profuerit
585 1357 616 1418 ei
625 1375 689 1418 uon
699 1356 1004 1444 consequiturdigos
1016 1361 1164 1440 premio:

164 1439 292 1506 Deinde
305 1439 405 1505 mults
419 1438 500 1504 facio
513 1462 583 1528 ego,
599 1442 717 1505 etnicos
730 1463 817 1506 meos

168 1525 334 1592 Beneficiis
347 1525 484 1590 efficiens
498 1540 648 1604 mortuos,
666 1527 720 1592 ubi
732 1528 839 1592 etnicis
853 1530 989 1594 maxime
1003 1551 1083 1615 opus
1098 1528 1166 1595 est?

167 1611 200 1676 Ο
214 1610 327 1676 dextre
341 1633 462 1690 monus,
478 1634 572 1699 quem
589 1613 676 1696 cupis
691 1635 813 1678 sumere
825 1613 959 1695 hostem,

168 1697 232 1764 sed
248 1719 305 1783 per
317 1697 561 1764 imbecillitatem
577 1699 705 1764 amisisti
722 1713 828 1765 votum
844 1714 944 1766 tuum.

165 1783 295 1934 Alioffiri
310 1797 342 1852 te
354 1787 612 1870 compescuissem
627 1807 668 1849 ne
682 1808 732 1851 me
746 1807 869 1852 serrum
885 1787 1069 1872 appellares,

166 1869 210 1936 Et
279 1869 353 1934 ebes
369 1870 425 1935 hes
438 1871 574 1958 gloriose
588 1871 805 1950 incoleremus,

167 1955 205 2022 lu
221 1956 335 2056 quibus
351 1971 384 2022 tu
399 1957 534 2022 laeturisr
557 1958 757 2042 nequeenim
773 1971 857 2024 recte
872 1961 952 2044 sapit
965 1960 1076 2024 civites

168 2041 329 2108 Sedrtione
344 2041 489 2108 loborans
503 2059 535 2109 et
551 2043 639 2108 melis
653 2045 805 2110 consiliis:
1095 2053 1164 2114 270

168 2127 242 2194 Nun
266 2151 340 2194 unm
354 2129 439 2194 euim
454 2129 530 2194 alies
546 2139 576 2196 le
590 2129 753 2196 dominum
768 2132 827 2194 sibi
841 2145 1060 2218 comparasset.

81 2151 281 2280 rremLeudo
293 2237 353 2292 coe,
372 2219 520 2282 Osenes:
544 2217 716 2282 amicorum
731 2217 815 2282 enim
829 2217 931 2304 gretia

166 2301 297 2366 Amicos
311 2300 391 2365 irem
400 2303 516 2386 justum
534 2301 650 2366 hebere
664 2305 828 2372 convenit:

167 2385 230 2454 Sed
245 2399 375 2471 propter
389 2409 447 2452 nos
461 2389 532 2452 irati
547 2387 694 2466 dominis,

166 2471 256 2539 Nihil
269 2473 448 2560 patiemini:
472 2475 527 2540 sed
543 2496 657 2554 meam,
671 2473 871 2562 Amphitryo,

167 2559 361 2625 Sententiam
376 2559 461 2636 nudi,
477 2561 593 2645 siquid
608 2561 665 2626 tibi
680 2561 787 2626 videor
801 2573 879 2626 recte
893 2561 1005 2626 dicere.

167 2645 325 2732 Equidem
341 2645 455 2710 liberos
471 2669 543 2711 omo
553 2645 768 2731 :-quomudo
782 2647 865 2710 enim
883 2669 944 2710 uon
961 2669 1108 2725 umorem,

165 2731 258 2808 Quos
272 2733 390 2816 peperi,
406 2753 488 2819 quos
501 2733 595 2796 enixe
608 2755 676 2796 sum
687 2729 777 2798 ?-et
791 2749 922 2798 mortem

166 2816 319 2884 Miseram
333 2817 456 2906 judico:
480 2817 533 2882 sed
549 2820 725 2882 necessitati

165 2903 231 2980 Qui
246 2905 370 2980 resistit,
386 2903 633 2970 eurnhominom
649 2907 780 2970 stultum
794 2905 949 2970 existimo.
1100 2915 1163 2972 edo

166 2990 235 3055 Nos
250 3003 353 3056 sutem
369 2991 496 3076 quondo
510 2991 591 3054 mori
605 3011 730 3055 necesse
743 3003 799 3066 est,
816 2992 895 3054 mori
910 2993 1067 3069 convenit,

167 3075 241 3140 Non
257 3077 330 3162 igne
344 3091 557 3160 consumptos,
574 3087 604 3140 et
617 3075 760 3142 hostibus
774 3078 871 3140 risum

166 3161 345 3240 Moreotee,
360 3161 446 3248 quod
461 3161 539 3226 mihi
557 3175 657 3226 morte
670 3163 739 3248 ipss
754 3165 854 3248 majus
868 3163 984 3228 melum
999 3177 1063 3229 eet:

165 3247 329 3316 Debemus
343 3248 428 3314 enim
441 3249 576 3314 multum
592 3248 688 3314 decus
703 3259 813 3314 oostrae
826 3249 963 3316 sumilioe.

167 3331 215 3400 Te
231 3333 358 3420 quidem
374 3333 457 3400 hume
469 3333 606 3420 gloriose
620 3333 692 3400 belli
708 3337 801 3420 cepit,

166 3419 276 3496 Quere
290 3443 354 3486 non
370 3431 413 3486 eet
428 3419 588 3486 serendum
605 3435 640 3486 ut
656 3423 800 3486 morieris
813 3443 884 3488 cum
901 3421 1076 3500 timiditate,

167 3505 263 3572 Meus
278 3527 353 3584 reru
366 3510 496 3573 moritus
510 3507 558 3572 vel
571 3507 637 3572 sine
651 3507 829 3573 testimonio
841 3519 886 3574 eet
898 3507 1063 3596 gloriosus,

166 3591 231 3668 Qui
248 3591 364 3658 liberos
378 3591 436 3656 hos
450 3593 534 3660 haud
550 3593 665 3658 servari
682 3593 764 3672 uelit,

166 3677 284 3742 Malum
301 3677 415 3746 lumem
430 3679 577 3764 adeptosr
599 3701 672 3746 nem
686 3681 830 3768 genereo

165 3765 629 3832 Melceudiuntobinsemiem
645 3764 828 3844 liberorum,
1100 3775 1164 3834 990

168 3849 315 3937 Mihique
328 3855 507 3936 exemplum
523 3853 580 3917 viri
597 3873 661 3918 non
676 3863 719 3918 est
734 3852 946 3938 rejiciendum.

165 3935 285 4002 Verum
300 3935 468 4002 considere
482 3937 641 4025 quomodo
655 3959 742 4024 spem
757 3951 843 4005 tuem
860 3953 1014 4023 reputem.

167 4024 219 4088 An
236 4039 328 4108 putas
343 4022 442 4088 fllium
459 4040 546 4091 tuum
563 4039 678 4089 eterra
693 4021 877 4090 venturum?

165 4109 211 4174 Ac
225 4109 295 4194 quie
311 4125 506 4176 mortuorum
522 4133 563 4176 ex
582 4109 725 4176 Plutonis
739 4113 854 4176 crdidus
867 4109 983 4176 rediit?
1102 4167 1106 4178 .

165 4195 217 4258 Au
233 4196 335 4261 uerbis
352 4197 436 4262 huuc
449 4198 580 4262 delinire
593 4219 684 4282 posse
700 4195 779 4262 uos?
913 4260 915 4268 ,

166 4279 321 4352 Minime:
344 4285 490 4352 convenit
504 4287 607 4350 virum
622 4283 751 4349 stultum
768 4283 889 4352 hostem
907 4285 1025 4370 lugere,

585 4389 641 4454 Ως
