2774 4864
419 182 719 256 TROADEJS'
1045 191 1109 254 dot

131 357 209 424 Muta
219 377 287 424 aran
301 370 334 424 er
346 358 460 424 omino
473 359 580 446 eloqui
593 360 669 426 iurat
789 373 792 380 ·

133 445 219 509 Vincit
231 445 315 508 enim
329 467 381 509 me
395 444 503 510 infelix
520 459 700 532 tempestae,
717 467 788 532 quoe
802 443 952 510 divinitae
966 441 1063 510 venit.

129 531 191 612 Sed,
204 530 234 596 0
243 529 339 598 obera
353 530 428 608 filia,
447 531 597 600 Hectoris
611 532 740 618 quidem
754 530 953 602 calamitates.

131 613 247 682 Omitte:
272 636 434 702 rruuquum
450 633 514 684 tuoe
526 618 672 706 lacrymer
687 617 855 685 servabunt
869 639 961 684 eum:

130 701 182 768 Sed
193 704 255 767 cole
269 721 454 789 prmaentem
469 705 634 770 dominum
649 719 749 782 tuum,

129 789 226 854 Gratas
238 789 399 858 illecebrae
413 804 541 856 tuorum
553 803 679 856 morum
692 793 838 878 praebena
852 791 978 856 marito.
1045 795 1106 856 700

128 877 156 940 st
169 877 242 940 onim
256 874 327 940 haeo
341 874 459 952 feceris,
474 875 507 944 in
522 891 688 942 commune
702 875 892 943 exhilarabis
906 875 1033 952 amicos,

127 960 164 1026 Et
175 961 265 1028 fitium
281 963 366 1028 bunc
378 963 441 1028 mai
456 963 512 1028 iilii
526 964 645 1050 poteria
660 967 733 1030 berre
746 963 890 1028 educam.

125 1045 286 1112 Maximum
302 1048 517 1134 adjumentum
535 1050 652 1134 Trojro,
670 1049 891 1136 utaliquando

124 1134 190 1196 Nati
202 1156 239 1198 ex
256 1133 312 1197 illo
326 1135 416 1200 liberi
432 1157 557 1200 rursum
572 1135 668 1200 Ilium

125 1219 300 1297 Restituunt,
315 1235 348 1284 et
363 1223 553 1286 instauretur
566 1222 651 1288 urba.

123 1305 362 1382 Verum-alius
376 1307 460 1372 enim
473 1308 570 1372 alium
585 1330 690 1373 sermo
705 1307 921 1397 insequitur-

122 1390 287 1466 Quemnam
303 1415 428 1458 rursum
442 1393 534 1458 video
546 1393 698 1460 Graecum
714 1393 801 1458 hunc
817 1391 993 1468 ministrum

120 1479 186 1543 Hac
197 1478 405 1557 accedentem,
420 1501 575 1546 novorum
589 1481 741 1546 nuncium
756 1475 985 1544 consiliorum?

39 1583 109 1628 rau.
120 1563 270 1650 Phrygum
286 1567 538 1650 praestantissimi
552 1566 626 1630 olim
642 1568 756 1714 conp‘tu
774 1563 935 1642 Hectoris,

118 1651 224 1714 Nema
237 1651 311 1715 odio
327 1651 459 1718 habeant
484 1675 547 1718 oon
563 1654 647 1718 euim
665 1676 704 1718 vo
716 1675 772 1718 ene
787 1649 945 1717 nunciabo
1042 1653 1105 1716 tto

119 1735 241 1802 Publica
255 1737 381 1804 decreta
396 1737 593 1816 Danaorum,
610 1751 641 1804 et
656 1738 893 1823 Pelopidarum.

35 1841 90 1886 art.
113 1820 193 1898 Quid
206 1844 280 1888 vcro
294 1837 350 1900 est,
365 1824 451 1911 quod
467 1839 531 1912 tam
547 1825 665 1890 malum
680 1824 846 1894 exordium
862 1815 997 1906 incipis?

35 1929 102 1972 ran.
112 1907 278 1974 Decretum
313 1921 360 2060 tpt
387 1910 473 1976 huno
502 1909 843 1997 puerum-quomoda
879 1907 1008 1994 eloquar
1041 1926 1107 1969 aer-

194 2017 318 2060 monem

35 2099 86 2145 nt.
114 2079 196 2145 Num
210 2103 273 2146 narr
289 2082 424 2148 eundem
439 2083 601 2148 dominum
619 2083 781 2150 nobiscum
796 2078 937 2146 habere?
1035 2093 1039 2100 '

35 2187 101 2230 rar..
114 2165 222 2232 Nullus
238 2167 426 2234 Graecorum
441 2169 517 2234 huic
531 2169 746 2236 dominabitur
760 2187 910 2255 unquam.

35 2274 82 2316 tu.
107 2256 155 2317 An
170 2253 221 2318 hic
234 2265 351 2338 oportet
365 2257 469 2341 ipsum
484 2256 669 2343 relinquere,
686 2255 833 2342 reliquiae
849 2247 1037 2340 Phrygum?

35 2359 99 2403 rar..
112 2338 183 2404 Non
198 2337 375 2420 derbucio,
391 2341 552 2429 quomodo
566 2343 622 2408 tibi
637 2343 739 2408 dicam
754 2341 848 2408 maia.

35 2445 79 2490 rt.
108 2425 220 2490 Laudo
233 2427 399 2512 pudorem,
415 2429 443 2494 si
460 2428 555 2494 modo
569 2429 675 2494 atatim
689 2428 786 2494 dicas.

35 2511 361 2578 ·a1..1nterficiendum
379 2528 521 2580 statuunt
545 2529 635 2580 tuum
662 2515 772 2593 filium,
801 2527 836 2580 ut
857 2511 965 2579 audiar
988 2507 1106 2574 maium

35 2705 73 2748 rr.
101 2682 169 2750 Hei
185 2618 415 2752 ribibiiutiiboc
427 2686 543 2752 malum
561 2690 635 2754 meir
647 2687 766 2772 nuptiis
780 2685 909 2774 grauius
920 2679 1030 2783 audio!
1044 2688 1107 2751 720

35 2791 90 2835 aa.
104 2769 218 2921 Vincpt
231 2775 314 2836 onim
328 2773 457 2859 Uiyeaea
470 2774 507 2838 in.
518 2787 676 2839 convento
687 2773 877 2840 Graecorum
888 2789 1106 2834 universorum

203 2881 366 2943 aqueae-

35 2964 66 3008 u.
98 2941 179 3023 Hei,
197 2944 248 3008 bei
263 2942 396 3010 iterum!
420 2967 484 3010 non
500 2946 585 3010 enim
601 2945 770 3012 mediocria
783 2941 923 3028 patimur
937 2939 1031 3009 mala.

35 3051 83 3094 tn.
95 3028 234 3107 Dicens,
251 3053 315 3096 non
329 3031 478 3098 alendam
493 3030 652 3098 fortissimi
667 3031 725 3095 viri
741 3031 853 3100 filium·

35 3137 61 3179 u.
94 3114 235 3181 Utinam
250 3116 312 3182 hac
328 3117 422 3182 modo
438 3119 577 3184 vinceret
590 3118 631 3182 de
644 3115 727 3184 auiai

35 3223 79 3266 ra.
93 3201 304 3288 Praecipitari
318 3217 423 3270 antem
438 3205 542 3290 ipsum
556 3217 682 3290 oportet
696 3203 738 3269 de
751 3201 901 3287 Trojania
914 3197 1065 3264 turribus.

94 3287 325 3364 Quamobrem
341 3304 375 3356 ut
390 3283 444 3355 boe
456 3290 522 3364 flat,
540 3306 636 3378 utque
648 3290 821 3376 sapientior
832 3287 979 3354 videarisr

92 3375 219 3462 Neque
235 3377 423 3462 pertinacius
439 3378 524 3442 bunc
539 3380 651 3458 retine,
662 3378 784 3442 sortiter
796 3397 870 3440 varo
881 3373 1023 3440 dolorem
1039 3391 1109 3456 per·

190 3461 240 3526 fer
256 3464 289 3526 r'rr
302 3463 478 3542 triennalis,

90 3547 319 3634 Nequam-oum
335 3549 415 3614 nihil
428 3550 538 3634 poesie,
554 3567 585 3614 te
599 3549 717 3637 aliquid
734 3570 824 3632 poene
837 3546 1009 3612 existimes.

87 3635 273 3720 Nusquam
289 3637 372 3699 anim
391 3635 487 3702 habes
508 3637 671 3714 auxilium,
688 3634 887 3700 considerare
902 3633 1000 3722 igitur
1015 3651 1110 3724 opor·
1234 3645 1238 3652 '

188 3722 329 3786 certer:
1005 3775 1009 3783 .

82 3805 226 3872 Civitas
241 3808 336 3892 periit
347 3822 380 3873 at
394 3811 537 3886 maritae,
552 3823 586 3874 et
598 3820 635 3874 tu
648 3820 681 3874 e'a
694 3809 902 3882 inservitura,
1048 3808 1111 3871 too

81 3891 135 3956 Et
153 3915 224 3958 nos
240 3901 353 3958 murra
366 3917 461 3960 unam
476 3895 644 3960 mulierem·
656 3913 800 3982 pugnare

78 3981 227 4044 Sumite
238 3981 312 4046 uatis
326 3981 481 4048 valentem
502 3995 631 4067 propter
641 3981 712 4048 bmc
722 4003 780 4048 nec
794 3999 936 4068 pugnam
949 3988 1102 4064 spectare,

77 4066 117 4128 N
120 4087 165 4129 ec
184 4081 284 4150 turpe
298 4069 477 4154 quicquam,
495 4088 597 4154 neque
610 4067 755 4134 odiorum
771 4065 918 4144 tederet,

73 4151 217 4237 Neque
233 4153 329 4218 etiam
344 4155 416 4219 volo
432 4171 464 4220 te
476 4155 633 4239 conjicere
646 4154 678 4218 ia
692 4155 826 4220 Groecoe
837 4151 1090 4238 imprecationes·

568 4263 590 4305 n
604 4241 625 4304 d
641 4251 661 4304 4
