2852 4862
647 221 980 292 'EURIPIDIS

371 397 461 466 Fecit
473 419 525 462 me
538 419 649 484 parere
662 397 746 464 hanc
758 395 914 462 infelicem
927 393 1079 462 soboluu.

370 484 541 552 Transiens
554 485 638 550 euim
652 484 816 550 huminem
829 482 940 561 nudes,

369 569 508 636 Admota
521 591 590 634 snm
604 569 750 637 thalamis
762 568 950 657 genitalibus
963 564 1153 653 Strymonis,

371 656 480 733 Quum
522 657 634 722 ivimus
669 669 763 722 terrae
800 649 1289 743 glebarum-coresiumfertilem
1325 647 1356 712 in

456 754 594 807 montem

372 828 547 915 Pengaeum
561 828 704 894 instructi
717 829 838 892 muisis
851 825 1066 891 instrumentis

371 914 480 980 Musae
493 913 534 978 nd
549 914 721 978 maximum
734 927 892 978 oertamen
906 912 984 978 artis
997 911 1134 976 suaviter
1147 907 1279 974 mnendi

372 999 456 1066 (lum
470 999 585 1066 celebri
599 998 741 1085 sophista
754 998 904 1076 Thracio,
919 1009 952 1063 et
965 997 1192 1062 excesserimus
1298 997 1361 1057 920

371 1086 558 1238 'l'benpuyrim
574 1086 629 1173 qui
644 1099 784 1152 nostram
798 1097 897 1150 artem
911 1083 1019 1148 multis
1032 1081 1182 1148 οοιινὶοἰίι
1200 1082 1362 1146 instetutus

489 1187 568 1238 erni.

371 1259 415 1324 Et
427 1271 593 1345 postquem
608 1272 639 1323 te
651 1257 771 1343 peperi,
785 1279 908 1323 sorores
922 1277 1065 1322 reverens

373 1343 417 1410 Et
430 1345 651 1433 virginitatem,
666 1343 736 1408 misi
751 1343 792 1408 nd
806 1344 914 1431 aquosi
927 1343 1027 1428 patris

371 1429 532 1495 vortices:
554 1443 586 1495 te
599 1451 676 1494 vero
689 1428 837 1494 alendum
852 1451 916 1494 nou
931 1429 972 1493 ad
988 1428 1153 1494 mortalun
1167 1429 1273 1498 locum

371 1517 440 1582 Det
455 1517 603 1602 Strymon
617 1526 712 1598 puter,
726 1515 782 1580 sed
794 1513 930 1580 fontanis
946 1513 1114 1601 Nymphis.

372 1601 440 1668 Ubi
455 1603 609 1668 enutritus
623 1602 742 1687 optime
757 1623 777 1666 e
791 1601 975 1690 virginibus,

373 1689 538 1774 Impsrsns
549 1687 697 1754 Tbrscire
711 1687 833 1772 primus
846 1687 1079 1763 emeritorum,
1093 1685 1139 1752 fili
1152 1713 1160 1753 e

371 1775 417 1840 Et
429 1788 461 1842 te
474 1777 507 1840 in
521 1775 625 1861 pstrio
637 1774 766 1862 quidem
779 1774 848 1837 solo
860 1773 1114 1862 sanguinolentus

371 1863 463 1927 Acies
477 1863 692 1939 instruentem,
707 1881 771 1924 non
787 1859 964 1924 metuebam
978 1861 1165 1924 moriturum
1181 1883 1265 1926 ase:

371 1947 603 2097 Interdippbsm
632 1967 705 2011 sero
734 1967 775 2010 ne
802 1944 843 2010 ed
874 1947 984 2010 urbem
1013 1943 1122 2031 ijra
1146 1967 1286 2035 uuquam
1309 1970 1364 2034 sp·

519 2055 587 2098 eres
1303 2043 1364 2102 9³0

373 2055 716 2185 Scienlletunmlsatum:
737 2117 793 2182 sed
806 2129 838 2182 te
853 2115 1004 2182 Hectoris

461 2205 560 2268 tiones
574 2217 605 2268 et
618 2202 796 2290 frequentes
809 2205 1056 2269 senatus-nundi

372 2289 411 2354 In
436 2301 572 2355 uxeruut
585 2304 622 2354 ut
636 2291 692 2353 buc
705 2289 896 2366 ascenderes,
911 2304 944 2354 et
956 2310 1050 2376 opem
1064 2289 1159 2356 serres
1173 2293 1293 2358 amida.

373 2374 437 2442 Sed
451 2373 545 2460 hujus
558 2375 654 2440 totius
668 2374 766 2440 cledis
781 2373 931 2439 Minerva
944 2388 1037 2440 autor

372 2459 475 2612 pNihil
489 2473 594 2526 autem
611 2459 749 2548 Ulysses,
766 2459 842 2524 nihil
858 2459 962 2546 Tydei
975 2459 1060 2526 filius

400 2547 471 2624 ecit,
486 2547 546 2612 etsi
560 2547 680 2628 fecerit)
695 2569 736 2611 ne
749 2559 839 2633 putes
853 2569 899 2610 me
912 2546 1048 2612 latuisse.

374 2633 499 2698 Etenim
513 2647 599 2698 tuem
614 2633 781 2711 civitatem,
799 2635 827 2697 0
841 2632 997 2710 mmo,
1013 2653 1072 2697 nos
1085 2654 1211 2698 sorores
1225 2635 1355 2702 eclimus

374 2717 479 2785 Musse
492 2719 640 2802 maxime,
655 2733 687 2783 et
700 2730 753 2782 tun
767 2741 838 2784 cnm
853 2732 939 2783 terra
952 2720 1194 2801 consumimus,

371 2803 416 2872 Et
429 2805 647 2892 mysteriorum
663 2827 850 2870 arcanomm
864 2803 1070 2871 revelationes

370 2892 492 2958 Docuit
505 2890 664 2977 Orpheus,
680 2891 884 2956 consobrinus
898 2891 1013 2956 mortui
1308 2906 1368 2964 940

372 2977 490 3063 Hujus,
505 3000 598 3064 quem
614 2978 759 3043 occidens
772 2976 957 3042 cachinnos:
980 2991 1013 3042 et
1027 2975 1200 3058 Musarum
1215 2991 1309 3046 bium

372 3061 608 3130 Honorsndum
624 3065 723 3128 civem
739 3077 770 3127 et
784 3085 883 3128 unum
897 3063 1000 3128 virum
1015 3063 1196 3151 lougimime
1210 3069 1340 3134 meisa

373 3149 412 3212 In
426 3163 493 3214 erte
507 3171 718 3238 progressum,
736 3148 875 3214 Phoebus
889 3161 922 3213 et
935 3171 992 3214 nos
1001 3169 1129 3214 *sorores
1142 3149 1323 3220 docuimus.

371 3233 414 3300 Et
429 3233 543 3300 horum
558 3234 733 3300 mercedem
748 3257 825 3300 nunc
838 3233 938 3298 filium
954 3235 987 3298 in
1001 3235 1085 3300 ulnis
1098 3247 1227 3322 geenne

372 3319 561 3398 Lomentum
584 3320 680 3386 elium
695 3343 770 3386 vero
784 3342 848 3386 non
864 3341 1027 3384 arcessam.

285 3427 365 3474 cuo.
376 3406 506 3472 Fmstrs
519 3429 596 3494 ergo
611 3428 668 3471 nos
681 3408 793 3508 auriga
807 3405 963 3472 Thracius

371 3491 529 3559 conviciis
538 3491 792 3570 inseotsnsdisnt,
805 3491 936 3570 Hector,
946 3491 1065 3558 melem
1075 3492 1370 3566 huicsnolitoseese.

284 3599 364 3647 nac.
372 3580 493 3646 Noram
509 3581 595 3644 herc.-
617 3578 697 3642 nihil
710 3601 790 3666 opus
804 3593 871 3644 erat
885 3591 956 3644 vste
969 3579 1010 3644 ad
1024 3577 1197 3644 dicendum

375 3666 475 3733 Hunc
491 3665 613 3754 Ulyssis
627 3665 702 3730 dolo
716 3666 854 3750 periisse.

371 3752 414 3817 Et
428 3773 503 3816 veru
515 3751 649 3836 putrium
666 3750 859 3816 obsidentem
876 3751 1061 3816 Gresoorum
1076 3751 1250 3818 exercitum
1311 3767 1373 3826 950
1414 3833 1415 3836 Ἴ

368 3837 498 3916 Videns,
514 3859 571 3902 cnr
584 3859 649 3902 non
665 3837 772 3902 suricis
787 3838 942 3901 mitterem
1414 3839 1415 3864 l

369 3921 523 4001 Nuncion
538 3936 575 3989 nt
587 3924 729 3988 venirent
741 3939 774 3987 et
786 3921 904 3987 ferrent
917 3945 1009 4008 opem
1025 3920 1161 4007 patrie?

370 4007 467 4158 Misip
490 4010 575 4074 venit
596 4021 701 4075 nutem
723 4008 841 4072 debens
862 4009 939 4072 bone
961 4029 1090 4090 opmoss,
1106 4019 1143 4072 ut
1163 4031 1230 4074 uus
1244 4033 1373 4082 mecm

466 4095 620 4161 aborreret.

368 4177 442 4244 Non
457 4181 582 4270 gaudeo
594 4196 786 4247 tamencum
802 4179 998 4246 interfectum
1013 4201 1089 4244 esse.

369 4265 413 4336 Et
426 4289 511 4336 nunc
525 4291 594 4334 susn
608 4284 737 4356 paratus
751 4267 780 4332 ei
794 4265 897 4334 facere
911 4264 1113 4352 sepulchrum
