2824 4860
491 189 750 274 HECUBA.
1119 211 1165 280 33
1224 264 1231 274 ,

157 364 234 431 Non
244 365 476 454 nequicquam
491 385 599 433 rerum
614 365 699 430 inter
713 365 859 434 homines
873 370 1037 458 equsbile.
1140 439 1144 446 ,

159 450 243 516 Huc
257 451 357 540 igitur
370 451 456 518 inter
470 451 769 537 turpissimum,
785 476 946 532 reversuro
960 481 1021 538 me,

158 538 314 604 Miserere
327 538 437 614 nostri,
453 560 491 607 se
505 538 595 624 quusi
608 539 712 623 pictor
726 541 856 614 seorsim
872 554 957 620 senus
1100 553 1164 616 790
1253 601 1255 609 .

157 624 240 691 Vide
256 647 317 704 me,
333 638 366 692 et
380 624 486 710 aspice
500 625 607 712 qualia
620 624 724 692 hsbeo
739 627 833 695 mule.

157 711 285 864 {efflue
298 732 385 776 erum
401 711 487 790 olim,
503 713 558 776 sed
569 733 656 781 nuno
670 735 759 788 servo
774 728 839 793 tus,

259 797 490 948 mulltersobole
503 798 593 878 olim,
610 821 696 864 nuuc
710 823 786 870 vero
799 824 879 869 enus
899 802 1041 890 orbaque
1057 803 1163 870 liberis

241 906 323 952 sunu
337 928 347 961 ,

157 969 252 1048 Exul,
268 972 406 1048 deserta,
422 970 623 1048 afflictissime
637 973 828 1050 mortalium.

156 1057 231 1122 Heu
245 1057 326 1122 mihi
341 1057 474 1134 misene,
490 1080 555 1144 quo
565 1081 585 1122 n
599 1081 651 1124 me
665 1059 816 1126 subducis
831 1059 945 1145 pedem
957 1059 972 1136 ἓ

155 1142 279 1210 Videor
292 1143 441 1210 effectura
455 1167 522 1213 esse
535 1142 633 1211 nihil:
659 1143 692 1218 O
706 1146 821 1213 misere
835 1169 896 1234 ego
910 1146 917 1212 Ι

154 1229 245 1306 Quid
259 1231 392 1302 tandem
406 1229 554 1302 mortales
569 1230 646 1296 alias
660 1232 789 1318 quidem
805 1245 890 1300 artes

155 1315 376 1395 Elaborsmus,
392 1330 429 1382 ut
442 1331 579 1402 oportet,
594 1340 715 1400 omnes,
729 1333 761 1385 et
775 1321 974 1406 inquirimus,

154 1403 325 1482 suadelam
342 1426 428 1483 vero,
444 1405 586 1492 reginam
602 1400 746 1470 homiues
761 1405 844 1473 inter
857 1406 968 1490 solem,

155 1488 248 1577 Nequ
381 1513 449 1576 pree
464 1492 584 1556 coeteris
599 1491 640 1556 sd
696 1489 878 1568 rfectionem
891 1494 1066 1572 excolimus
1096 1501 1160 1562 800

155 1575 228 1642 Mer
289 1600 323 1642 es
336 1577 448 1645 dentes
461 1577 594 1654 discere,
610 1589 647 1644 ut
674 1577 753 1644 iceet
766 1578 938 1665 aliquando

152 1663 361 1740 Persuadere,
377 1665 532 1750 quosquis
547 1663 650 1742 vellet,
662 1677 694 1729 et
707 1667 857 1751 consequi
872 1665 991 1732 omni?

153 1749 220 1826 Qui
234 1749 334 1838 igitur
348 1749 481 1837 posthac
495 1751 566 1836 quis
579 1771 707 1835 sperare
721 1753 820 1836 possit
834 1765 981 1821 acturum
995 1776 1028 1820 se
1043 1753 1147 1819 bene?

153 1835 202 1902 llli
216 1835 346 1924 quidem
361 1851 411 1904 tot
424 1836 517 1903 liberi
531 1857 596 1902 nou
612 1837 746 1922 amplius
760 1849 833 1903 sunt
846 1839 936 1929 mihi,

150 1921 168 1995 1
238 1945 316 1990 vero
330 1924 365 1988 in
378 1922 586 1990 contumelias
600 1923 726 2008 captivs
738 1923 940 2008 proficiscor:

180 2031 291 2075 umum
306 2032 383 2076 vero
397 2009 587 2082 urbisbuuc
601 2009 848 2096 eglomerentem
860 2011 897 2086 in
911 2010 1009 2080 ultum
1025 2011 1126 2078 video.

154 2095 428 2184 Atqui-fortusse
442 2096 570 2182 quidem
586 2117 690 2163 sermo
705 2096 807 2163 inanis
820 2097 874 2162 hic
888 2097 938 2178 sit,

82 2247 85 2258 ,
153 2181 324 2254 Venerem.
350 2183 541 2252 tetendero:
565 2193 706 2252 etlumen
721 2183 910 2260 dicatum„-

151 2269 205 2334 Ad
219 2283 313 2335 tuum
359 2285 410 2339 tus
425 2269 490 2334 filia
503 2291 575 2334 mes
588 2267 685 2334 cubet

153 2357 262 2434 Vates,
278 2377 375 2442 quem
388 2369 503 2430 voosnt
518 2355 728 2422 Cassandram
746 2355 902 2446 Phryges.
1093 2363 1156 2422 810

154 2443 220 2512 Ubi
229 2442 390 2529 jucundos
400 2444 468 2529 jem
482 2455 591 2512 nocue
605 2442 760 2526 ostendes,
777 2442 810 2508 O
822 2465 896 2524 rex,

152 2529 218 2595 Ant
233 2533 266 2594 in
281 2527 365 2594 lecto
379 2533 548 2594 charorum
565 2529 768 2614 amplexuum

152 2615 300 2688 Gentium
313 2637 409 2717 quam
423 2615 554 2684 hebebit
568 2615 635 2680 filis
648 2637 729 2691 mee,
745 2637 806 2701 pro
819 2615 874 2682 ills
890 2637 964 2684 vero
978 2617 1062 2704 egoi

152 2698 201 2774 Fu
215 2703 354 2771 tenebris
368 2703 453 2768 enim
468 2703 695 2788 nocturnisqw
709 2723 774 2768 unu

152 2789 311 2856 illecebris
327 2789 470 2862 mumma
482 2788 711 2877 oritur-,gratis

153 2877 237 2941 Audi
251 2898 327 2941 ssne
342 2897 447 2941 nunc:
470 2889 632 2946 mortuum
648 2874 734 2940 hunc
748 2874 860 2940 vides?

152 2963 237 3028 Huic
250 2961 464 3030 benefaciens
477 2961 563 3028 affini
573 2974 631 3032 tuo

152 3049 286 3116 Feoeris.
302 3048 408 3120 Unius
421 3049 690 3120 reimeueeermo
704 3059 748 3114 est
763 3070 859 3136 egeus
873 3047 990 3116 adhuc.

152 3135 285 3203 Utinam
299 3134 483 3204 mihifieret
498 3135 607 3204 voxin
622 3133 758 3204 brachiis
813 3199 830 3209 ,,
1217 3201 1220 3211 ,

152 3221 353 3290 Etmenibus
367 3235 399 3287 et
412 3222 542 3308 pupillis
554 3233 587 3288 et
599 3221 719 3306 pedum
733 3221 895 3308 ingressu,
1089 3227 1154 3288 820

152 3309 208 3374 Vel
222 3307 355 3386 Desdeli
369 3319 448 3387 urle,
463 3309 513 3374 vel
527 3307 671 3378 Deorum
686 3307 829 3394 alicujus,

153 3395 198 3464 Ut
211 3395 320 3466 sunu
333 3394 427 3464 simul
442 3398 507 3462 tuis
519 3393 771 3466 sdherseerent
783 3394 917 3481 genibus

152 3482 324 3561 Plorantis,
339 3506 359 3549 e
404 3481 556 3549 rimenlie
568 3481 673 3552 omnis
685 3483 811 3570 generis
827 3473 1001 3552 sermones:

143 3568 182 3636 ,Ο
195 3569 348 3648 Douriue,
410 3569 588 3636 maximum
601 3568 731 3644 Grecis
741 3567 860 3646 lumen,

150 3654 355 3742 obtempera,
370 3677 414 3742 po
449 3656 457 3669 '
511 3677 643 3726 menum
658 3655 734 3723 huic
747 3655 823 3723 aursi

152 3741 317 3821 Ultriceru,
332 3741 390 3810 etei
405 3743 473 3810 nihi
500 3765 537 3808 eo
551 3755 610 3822 est,
623 3741 680 3810 sed
694 3755 800 3812 tamen
808 3742 939 3828 porrige
952 3759 1093 3809 manaen.-

148 3827 231 3894 Boni
246 3828 653 3915 enimviriestetjostitiae
667 3828 830 3906 imenire,
1031 3841 1037 3850 ·

147 3914 192 3982 Et
200 3915 304 3983 melos
317 3915 401 3982 mels
413 3916 528 4002 punire
541 3911 660 4003 ubique
673 3935 808 4001 semper.
857 3967 861 3978 .
884 3977 887 3986 .

74 4018 138 4066 cuo.
148 3999 272 4068 Mirum
285 4024 362 4068 ssne
374 4017 432 4081 ess,
449 4002 636 4072 mortalibus
650 4015 686 4068 ut
700 4001 808 4072 omnis
821 3997 1072 4084 mnbnduntur,

146 4087 190 4154 Et
202 4089 449 4158 necessitudines
462 4103 608 4192 tmepore
621 4087 787 4166 definiunt,
923 4149 927 4156 .
1083 4095 1148 4154 880

140 4175 278 4246 Amiso·
291 4175 459 4252 officinalis
471 4199 511 4244 ex
524 4175 758 4252 inimicissimis,

145 4261 362 4352 inimicosque
376 4287 441 4344 eos,
455 4265 510 4352 qui
525 4274 598 4330 sule
613 4262 758 4332 &novoli
772 4259 1045 4342 ercnblsscieutis.

579 4372 597 4416 c
611 4359 631 4413 4
