2852 4862
240 219 305 278 tot
351 197 354 206 ’
611 207 940 274 EURIPIDIS

327 384 488 452 Exhibuit
511 397 543 450 ct
555 405 678 464 noram,
692 385 726 449 in
741 384 855 471 quibua
874 385 1044 470 oportebat
1059 407 1113 453 uro
1125 389 1252 456 vtaoere
1263 409 1325 456 na·

415 471 521 547 ritum,

330 557 373 622 Et
389 580 512 623 rursum
526 579 659 643 quarum
675 579 781 623 rerum
797 556 843 620 illi
857 557 1064 624 conveniebat
1074 559 1238 630 victoriam
1254 583 1327 628 oon·

415 643 535 708 cedere.

299 719 311 742 ⁶
331 730 521 815 Harumque
534 750 640 794 rerum
655 728 740 793 fama
749 728 790 792 ad
804 730 979 794 exercitum
995 731 1170 798 Achaicum

332 816 534 898 Pervertunt,
549 839 600 880 me
610 815 764 900 perdidit:
786 837 860 880 nam
876 829 1081 904 posteaquam
1094 833 1190 904 capta
1203 842 1288 902 autu,

332 900 464 966 Achillis
479 923 530 966 me
545 901 627 966 filius
642 901 740 966 voluit
754 901 870 965 ducere

332 989 526 1074 Conjugcm3
549 989 683 1052 serviam
696 999 802 1052 autem
816 987 849 1050 in
864 987 961 1052 domo
974 988 1214 1058 interfectorum
1225 995 1301 1060 virt.

330 1074 413 1139 Etsi
428 1073 554 1160 quidem
570 1073 735 1159 repuditto
750 1071 902 1138 Hectoris
915 1073 1014 1139 charo
1026 1077 1129 1162 capita
1265 1089 1324 1146 661

333 1161 383 1224 Ad
398 1173 586 1245 proeaentem
599 1162 748 1224 maritum
764 1162 903 1224 anImum
918 1161 1128 1244 explicavero,

331 1247 482 1330 Improba
496 1245 627 1311 videbor·
641 1269 716 1333 erga
731 1257 908 1309 mortuum:
931 1246 1018 1312 hunc
1031 1270 1107 1313 vero
1120 1263 1236 1316 ooutn

332 1333 365 1398 Si
380 1353 554 1418 prosequar
568 1331 653 1410 odio,
667 1333 746 1396 meis
759 1331 895 1396 dominis
908 1353 963 1396 ero
977 1333 1086 1399 iuvita.

272 1503 273 1506 Ἴ
332 1418 431 1517 Atqui
446 1417 567 1499 dicunt,
582 1417 669 1504 quod
682 1439 748 1482 una
760 1439 823 1482 nox
839 1418 925 1483 laxet

331 1505 451 1568 Odium
463 1503 605 1567 mulieris
618 1503 651 1567 in
667 1504 725 1568 viri
739 1517 855 1568 torum.

334 1590 404 1678 Ego
418 1601 519 1654 mrtem
531 1589 698 1655 abominor
712 1612 791 1668 eam,
807 1612 880 1676 quur
892 1590 1030 1676 priorem
1047 1592 1150 1668 virum

331 1677 514 1760 Deponens,
529 1677 619 1740 novis
632 1676 807 1754 connubiis,
822 1678 920 1741 alium
934 1689 1032 1742 amat.

333 1763 415 1826 Nam
430 1784 470 1826 ne
484 1785 565 1850 equa
578 1761 717 1848 quidem,
733 1785 807 1849 quoe
820 1765 959 1828 te'uncta
972 1763 1066 1830 inerit
1419 1769 1420 1826 i

332 1849 363 1913 A
378 1869 534 1932 compara,
551 1871 623 1913 cum
638 1871 701 1936 qua
715 1850 834 1913 nutrita
902 1851 952 1927 rit,
968 1848 1058 1915 facile
1071 1848 1170 1916 ttchit
1179 1853 1304 1941 jugum.

330 1935 429 2020 Atqui
445 1938 512 1998 haec
525 1935 628 1999 bestia
641 1948 688 2000 est
702 1948 733 2000 at
747 1947 835 1999 muta
1268 1947 1326 2008 671
1419 1969 1420 2058 q

331 2020 376 2085 Et
388 2021 519 2085 rationis
533 2043 592 2085 usu
607 2034 702 2101 caret,
717 2034 750 2086 et
763 2033 876 2086 natura
890 2020 1019 2088 inferior
1032 2035 1088 2088 ott.
1419 2063 1420 2117 q

332 2107 382 2171 Te
396 2129 480 2184 vero,
497 2105 591 2171 chare
607 2106 742 2184 Hector,
759 2107 854 2172 habui
870 2109 972 2173 virum
987 2109 1194 2174 suffictentem
1211 2111 1299 2189 mihi,
1419 2137 1420 2186 i

333 2191 515 2341 Prudlentia,
543 2215 667 2280 genere,
697 2193 811 2279 opilius
840 2209 872 2258 at
899 2194 1083 2259 fortitudine
1105 2217 1207 2281 porto
1231 2195 1332 2262 excal-

429 2292 551 2344 entemt
1419 2343 1420 2348 ,

331 2364 497 2449 Achpienc
511 2376 617 2429 autem
633 2387 684 2428 me
697 2365 846 2430 intactam
861 2389 900 2430 ex
914 2366 1011 2432 domo
1025 2379 1169 2452 paterna,

332 2449 459 2515 Primus
474 2450 657 2540 virginalem
674 2452 728 2514 tibi
737 2452 871 2536 junxisti
885 2451 1013 2518 lectum.

331 2537 428 2602 Nunc
442 2549 546 2600 autum
561 2551 595 2601 tu
609 2535 738 2622 quidem
753 2539 882 2620 periisti,
897 2559 958 2622 ego
971 2561 1046 2606 vero
1059 2541 1132 2605 nari
1147 2540 1268 2606 arabor

332 2622 370 2688 In
387 2622 545 2688 Graecimn
562 2622 683 2708 captiva
700 2623 739 2688 ad
755 2625 865 2688 servile
873 2625 998 2712 jugum.

332 2713 382 2773 An
398 2731 461 2773 non
477 2711 600 2774 minora
616 2709 693 2773 meis
711 2708 806 2774 habet
821 2709 904 2774 mala
1419 2771 1420 2782 ,

332 2793 424 2859 Mora
442 2796 621 2882 Polyxenae‚
636 2817 731 2882 quam
746 2809 780 2862 tu
794 2795 916 2896 gemit?
1270 2806 1333 2868 680
1419 2807 1420 2832 ¹

333 2879 418 2945 Mihi
432 2883 516 2946 euim
532 2881 628 2958 uuila,
644 2903 716 2968 quae
730 2883 876 2946 omuibus
891 2883 1077 2968 relinquitur·
1092 2883 1290 2966 mortalibus,
1419 2886 1420 2924 ¹

334 2968 482 3052 Superest
495 2989 577 3052 tpca,
591 2989 650 3032 nec
664 2969 771 3032 animo
785 2969 918 3054 decepta
931 2985 1010 3054 puto
1419 2983 1420 3006 ¹

333 3052 391 3116 Me
402 3052 468 3117 ulio
478 3053 574 3202 hmodo
585 3076 650 3153 fem
663 3053 830 3118 commode
839 3068 1016 3144 gesturam:
1035 3055 1334 3141 jucundumtameu

417 3152 463 3202 eat
498 3163 532 3203 oc
590 3141 680 3202 inari.

247 3223 371 3291 emin
386 3225 517 3289 eandem
532 3161 620 3288 vzi'ris
633 3226 859 3292 calamitatem:
882 3226 1145 3292 lamentantem

332 3310 439 3376 Tuum
455 3313 574 3387 mulum,
590 3311 684 3376 doces
700 3335 751 3376 me
764 3313 797 3402 in
813 3311 1116 3398 quibusmultum.

246 3417 324 3463 truc.
331 3396 407 3482 Ipsa
421 3398 548 3484 quidem
560 3398 704 3462 nondum
718 3399 830 3462 intravi
846 3399 934 3464 ucria
947 3399 1082 3478 alveum,

333 3483 397 3550 Sed
410 3505 452 3548 ex
466 3497 638 3566 conspectu
654 3486 788 3567 picturoe
802 3495 834 3548 et
847 3485 958 3550 auditu
973 3486 1048 3550 scio.

332 3571 366 3636 Si
384 3571 486 3634 nautia
499 3571 584 3634 enim
598 3583 765 3656 tempestat
780 3570 947 3636 mediocris
961 3585 1001 3638 nt
1015 3570 1155 3650 tolerari,

332 3655 381 3723 Ut
396 3670 558 3721 serventur
571 3656 716 3723 alacriter
730 3656 888 3738 laborant,

333 3742 401 3807 Hic
416 3741 544 3830 quidem
559 3741 599 3806 ad
614 3742 748 3820 clavum,
765 3743 818 3808 ille
832 3764 906 3808 raro
920 3743 960 3810 od
975 3743 1045 3808 vcia
1057 3743 1187 3824 various,
1273 3755 1337 3816 690

330 3828 421 3894 Alius
437 3851 511 3894 vero
524 3829 625 3893 undat
645 3829 749 3894 anari
765 3849 892 3894 aromo:
915 3831 940 3894 ti
957 3851 1033 3894 varo
1052 3833 1216 3916 asperavit
1236 3853 1337 3900 coru
1419 3889 1420 3900 ,

417 3937 496 3980 orrea

332 3998 545 4066 Vehementer
558 4001 722 4066 turbatum
738 4021 832 4078 mara,
844 4003 989 4068 cedeutct
1003 3999 1153 4084 fortuna,

332 4083 527 4152 Permittunt
538 4109 574 4152 ta
583 4087 736 4152 fluctuum
752 4087 911 4156 curtibus.

332 4171 386 4236 Sic
400 4185 433 4236 ct
446 4193 518 4262 ago,
533 4174 633 4240 multa
647 4173 766 4240 habent
779 4173 873 4251 mah,
