2888 4856
270 217 336 284 ιω
644 153 972 272 nunrrrnre

355 381 467 468 Neque
480 379 563 446 inter
577 377 675 456 Dece,
690 379 723 443 in
738 379 828 464 cujus
840 379 971 445 domurn
985 397 1038 442 ure
1049 379 1173 446 ntem

354 467 510 552 Regiones
523 479 629 531 nutem
642 467 816 531 innccenter
829 477 861 532 et
873 465 975 532 lemn
990 485 1079 530 mure

354 554 436 619 Cum
452 553 583 637 pacarit,
599 551 683 616 colna
696 554 727 615 ιἰι
737 554 886 637 integrum
900 551 1036 616 redwit
1050 549 1199 618 Deorum

354 639 516 715 Honores,
532 641 573 703 eb
588 638 691 723 impiis
705 636 780 702 viria
796 637 1017 704 labefactatae:

354 726 467 813 ltaque
481 725 539 789 tibi
553 723 671 791 suadeo
686 737 723 788 ut
734 723 842 812 gravia
857 723 940 790 male
952 743 1018 786 non
1032 723 1152 806 cupite.

267 811 404 880 rnraNe
418 825 454 876 tn
468 810 604 875 Junonia
618 823 651 874 et
663 831 734 875 nrea
747 810 880 875 consilia
894 831 1017 896 arguas.

266 918 336 967 ure.
352 897 392 964 In
407 897 560 982 optimam
576 897 719 962 semitam
734 917 795 981 pro
809 895 892 960 mala
905 909 938 961 te
950 895 1045 960 duco.

265 1007 346 1053 rnre.
352 984 480 1070 conjux
496 982 585 1047 Jovis
598 1003 663 1047 non
680 981 764 1047 misit
777 995 810 1047 te
822 981 886 1048 hnc
900 995 935 1047 nt
950 979 1112 1045 moderate
1124 1001 1213 1070 agn.

265 1094 334 1140 nra.
352 1069 459 1138 Solem
473 1081 570 1134 tector
585 1067 761 1145 nefacere,
777 1089 850 1154 quer
866 1089 929 1132 non
945 1067 1040 1154 euplo
1054 1065 1167 1132 facere.

353 1157 388 1224 Si
402 1155 499 1241 igitur
513 1177 564 1218 me
577 1155 599 1220 J
602 1157 698 1219 unoni
712 1154 833 1240 tibique
847 1155 995 1220 inpertire
1010 1173 1134 1218 necetur
1147 1165 1196 1218 ert

352 1241 505 1310 Celeriter
526 1254 559 1304 et
583 1263 655 1305 cum
678 1241 801 1326 impetu
826 1252 857 1305 te
877 1241 977 1328 sequi,
1000 1253 1036 1302 nt
1057 1253 1241 1304 venatorem
1264 1261 1355 1306 canu

350 1329 733 1498 Vaddreqiieiroddu’pontna
758 1413 839 1476 edeo
862 1409 1012 1478 violenter
1037 1413 1186 1478 noctibus
1206 1336 1355 1504 ingenii?

435 1517 519 1576 cens,

350 1583 465 1670 Neque
478 1595 573 1649 terroe
586 1595 702 1661 motus,
715 1595 747 1648 et
761 1583 901 1649 fulminis
917 1585 1051 1670 impetur
1065 1585 1192 1650 dulorcr
1205 1581 1341 1672 qrirnnr,

351 1669 401 1736 Ut
414 1691 475 1756 ego
489 1687 615 1734 currtun
630 1672 662 1734 lrt
678 1684 788 1754 pectus
803 1667 965 1749 Hermllr,

282 1761 285 1768 ’
350 1756 395 1821 Et
407 1777 552 1856 rumpam
568 1765 661 1832 tecta,
676 1770 708 1820 et
721 1755 852 1821 domum
867 1758 1015 1843 injiciam,

351 1842 548 1908 interficiens
562 1842 699 1927 primum
713 1842 846 1908 libemus
869 1843 923 1930 qui
939 1861 1013 1908 vero
1025 1842 1150 1908 occidet
1164 1843 1284 1908 nunciet

351 1926 484 2078 Libepor
505 1949 549 2029 ιο,
570 1947 650 2014 quor
673 1929 793 2077 ggnnit,
815 1927 971 2010 occidere,
993 1929 1179 2017 prinaqtu
1204 1927 1358 1996 unae-

449 2027 529 2079 nent
542 2037 562 2078 a
576 2031 646 2078 mea
660 2035 695 2079 ra
719 2017 756 2080 ie.

349 2097 401 2166 En
416 2121 505 2166 ecce:
529 2115 559 2164 et
569 2101 635 2186 jem
649 2101 752 2250 Ἱιιιιὴ
764 2113 861 2186 caput
875 2123 894 2164 e
907 2101 1099 2183 carceribur,

350 2185 394 2252 Et
408 2185 556 2252 distortos
570 2199 662 2251 trum
674 2201 764 2252 orto·
778 2185 886 2251 ocule
900 2187 995 2252 taetre
1007 2188 1116 2253 volvit.

349 2271 535 2338 Anhelitom
550 2291 628 2337 vero
641 2273 833 2355 moderatur,
847 2285 884 2336 ut
896 2286 1005 2339 ιιιιιιιι
1019 2273 1078 2339 rub
1092 2275 1258 2360 impetun,

351 2355 463 2446 Mugit
476 2379 552 2423 vero
566 2358 647 2436 dira,
662 2360 812 2424 invocans
829 2359 941 2424 mnu
953 2360 1095 2426 Tartari.
1288 2367 1354 2427 850

348 2445 420 2532 Ego
435 2459 466 2509 te
481 2465 555 2510 mox
571 2445 671 2533 magis
685 2445 825 2511 incitabo
836 2459 870 2510 et
882 2459 1003 2512 terrore
1015 2447 1205 2532 personabo.

349 2529 442 2596 Vade
454 2530 487 2594 in
503 2530 689 2617 Olympum,
704 2532 738 2596 Ο
754 2533 810 2609 Iri,
824 2531 937 2596 tollens
949 2553 1119 2620 generoroa
1132 2532 1246 2618 pedat

351 2617 389 2682 ln
404 2615 489 2682 tedes
503 2637 580 2681 vero
595 2639 652 2681 noe
666 2615 836 2682 invisibiles
853 2619 1085 2704 penetrabimus
1098 2617 1260 2684 Heorta

261 2699 512 2770 cuootototoil
538 2703 660 2769 Genter
683 2703 873 2768 detondetur

348 2785 441 2854 Τιιιιι
454 2789 523 2866 doe,
538 2788 571 2854 Ο
585 2790 705 2867 civitae,
720 2789 806 2855 filins
818 2791 917 2856 Jovis.

350 2873 463 2940 Infelix
478 2897 509 2938 ee
525 2875 554 2939 0
569 2877 705 2953 Graecia,
721 2897 795 2962 qum
809 2874 1038 2941 benefactorae

349 2959 495 3036 Amittes,
510 2959 623 3046 perdes
636 2961 745 3048 Lyssae
759 2961 918 3026 furoribur

348 3045 516 3146 Agitatum
530 3045 672 3113 intemir.

347 3131 502 3197 Discessit
515 3133 547 3195 in
562 3153 658 3199 curm
672 3145 757 3200 vectu
769 3133 840 3198 lnec
855 3133 1026 3200 multorum
1040 3133 1220 3222 gemituum
1234 3145 1337 3208 autor,

401 3219 449 3282 uir
463 3233 568 3283 autem
583 3219 691 3286 subdit
704 3219 860 3300 stimulos,
1288 3227 1351 3286 860

348 3301 397 3367 Ve
409 3317 445 3367 ut
459 3307 490 3367 in
506 3305 678 3388 pemiclem
693 3307 795 3371 noctis
808 3305 943 3394 Gorgon

349 3386 590 3474 Centlcipitibua

348 3473 537 3560 Serpentum
553 3475 663 3555 sibilla,
679 3477 779 3564 Lym
793 3478 908 3544 ardent
921 3477 1039 3544 ocrloe.

347 3559 422 3626 Cito
438 3561 527 3626 Deua
540 3566 746 3629 commutarit
757 3563 892 3643 felicem,

347 3643 499 3712 Celeriter
513 3669 589 3713 vero
604 3652 734 3715 ιιιιξιιιιιιι
748 3650 944 3736 'expirabunt
957 3671 977 3716 c
988 3663 1082 3738 pue
1092 3649 1198 3717 etet.

347 3727 379 3796 Ο
394 3753 445 3796 me
459 3731 613 3799 infelicem
629 3733 636 3800 l
661 3737 693 3800 Ο
707 3735 844 3822 Jupiter,
860 3751 950 3804 torm

347 3815 459 3882 Genus
472 3819 577 3884 statim
592 3821 661 3887 eine
674 3821 783 3888 liberie
796 3826 857 3888 etr

346 3899 376 3967 L
397 3925 455 3969 tter
470 3917 575 3970 autem
592 3925 664 3972 eam
680 3909 828 3988 crudelie,
844 3929 936 3975 erem
950 3907 1102 3975 nmine

346 3989 442 4138 Odi,
457 3989 606 4079 affligent.
1231 4008 1236 4018 '

415 4077 525 4140 omarl

346 4157 910 4336 mc
