<?xml version="1.0" encoding="UTF-8"?>
<!DOCTYPE html PUBLIC "-//W3C//DTD XHTML 1.0 Transitional//EN"
    "http://www.w3.org/TR/xhtml1/DTD/xhtml1-transitional.dtd">
<html xmlns="http://www.w3.org/1999/xhtml" xml:lang="en" lang="en">
 <head>
  <title>
</title>
<meta http-equiv="Content-Type" content="text/html;charset=utf-8" />
  <meta name='ocr-system' content='tesseract 3.04.00' />
  <meta name='ocr-capabilities' content='ocr_page ocr_carea ocr_par ocr_line ocrx_word'/>
</head>
<body>
  <div class='ocr_page' id='page_1' title='image "./euripidistragoe00mattgoog/euripidistragoe00mattgoog_0303.png"; bbox 0 0 2862 4864; ppageno 0'>
   <div class='ocr_carea' id='block_1_1' title="bbox 250 187 957 262">
    <p class='ocr_par' dir='ltr' id='par_1_1' title="bbox 250 187 957 262">
     <span class='ocr_line' id='line_1_1' title="bbox 250 187 957 262; baseline -0.006 -4"><span class='ocrx_word' id='word_1_1' title='bbox 250 199 314 262; x_wconf 75' lang='lat'><strong>298</strong></span> <span class='ocrx_word' id='word_1_2' title='bbox 628 187 957 254; x_wconf 86' lang='lat' dir='ltr'>EURIPIDIS</span> 
     </span>
    </p>
   </div>
   <div class='ocr_carea' id='block_1_2' title="bbox 250 357 1342 3804">
    <p class='ocr_par' dir='ltr' id='par_1_2' title="bbox 250 357 1342 3804">
     <span class='ocr_line' id='line_1_2' title="bbox 337 357 1330 444; baseline 0.005 -19"><span class='ocrx_word' id='word_1_3' title='bbox 337 360 508 426; x_wconf 86' lang='lat' dir='ltr'><strong>Celebrans</strong></span> <span class='ocrx_word' id='word_1_4' title='bbox 521 358 611 422; x_wconf 88' lang='lat' dir='ltr'><strong>Paris</strong></span> <span class='ocrx_word' id='word_1_5' title='bbox 621 357 703 424; x_wconf 84' lang='lat' dir='ltr'><strong>filius</strong></span> <span class='ocrx_word' id='word_1_6' title='bbox 712 357 841 434; x_wconf 90' lang='lat' dir='ltr'><strong>Priami,</strong></span> <span class='ocrx_word' id='word_1_7' title='bbox 851 357 937 444; x_wconf 91' lang='lat' dir='ltr'><strong>quod</strong></span> <span class='ocrx_word' id='word_1_8' title='bbox 946 357 1061 424; x_wconf 83' lang='lat' dir='ltr'><strong>horum</strong></span> <span class='ocrx_word' id='word_1_9' title='bbox 1071 359 1151 426; x_wconf 83' lang='lat' dir='ltr'><strong>mihi</strong></span> <span class='ocrx_word' id='word_1_10' title='bbox 1161 363 1330 430; x_wconf 68' lang='lat' dir='ltr'><strong>mmet!</strong></span> 
     </span>
     <span class='ocr_line' id='line_1_3' title="bbox 251 445 1333 533; baseline -0.002 -18"><span class='ocrx_word' id='word_1_11' title='bbox 251 471 327 516; x_wconf 89' lang='lat' dir='ltr'><strong>cuo.</strong></span> <span class='ocrx_word' id='word_1_12' title='bbox 338 447 381 512; x_wconf 90' lang='lat' dir='ltr'><strong>Et</strong></span> <span class='ocrx_word' id='word_1_13' title='bbox 408 469 468 533; x_wconf 87' lang='lat' dir='ltr'><strong>ego</strong></span> <span class='ocrx_word' id='word_1_14' title='bbox 506 445 719 511; x_wconf 78' lang='lat' dir='ltr'><strong>misericordia</strong></span> <span class='ocrx_word' id='word_1_15' title='bbox 747 466 957 521; x_wconf 88' lang='lat' dir='ltr'><strong>commoveor,</strong></span> <span class='ocrx_word' id='word_1_16' title='bbox 988 459 1024 510; x_wconf 91' lang='lat' dir='ltr'><strong>ut</strong></span> <span class='ocrx_word' id='word_1_17' title='bbox 1052 447 1148 528; x_wconf 44' lang='lat' dir='ltr'><strong>decet,</strong></span> <span class='ocrx_word' id='word_1_18' title='bbox 1169 449 1333 516; x_wconf 86' lang='lat' dir='ltr'><strong>mulierem</strong></span> 
     </span>
     <span class='ocr_line' id='line_1_4' title="bbox 418 534 1333 619; baseline 0.008 -23"><span class='ocrx_word' id='word_1_19' title='bbox 418 534 616 619; x_wconf 82' lang='lat' dir='ltr'><strong>peregrinam</strong></span> <span class='ocrx_word' id='word_1_20' title='bbox 1270 546 1333 603; x_wconf 81' lang='lat'><strong>460</strong></span> 
     </span>
     <span class='ocr_line' id='line_1_5' title="bbox 338 614 1118 702; baseline 0.001 -19"><span class='ocrx_word' id='word_1_21' title='bbox 338 619 472 702; x_wconf 85' lang='lat' dir='ltr'><strong>Propter</strong></span> <span class='ocrx_word' id='word_1_22' title='bbox 486 614 693 682; x_wconf 73' lang='lat' dir='ltr'><strong>calemitatem</strong></span> <span class='ocrx_word' id='word_1_23' title='bbox 709 617 888 700; x_wconf 79' lang='lat' dir='ltr'><strong>principum</strong></span> <span class='ocrx_word' id='word_1_24' title='bbox 904 617 1118 702; x_wconf 78' lang='lat' dir='ltr'><strong>ingemiscere.</strong></span> 
     </span>
     <span class='ocr_line' id='line_1_6' title="bbox 250 703 1127 792; baseline -0.006 -16"><span class='ocrx_word' id='word_1_25' title='bbox 250 706 463 785; x_wconf 75' lang='lat' dir='ltr'><strong>MumFrater,</strong></span> <span class='ocrx_word' id='word_1_26' title='bbox 478 704 520 768; x_wconf 90' lang='lat' dir='ltr'><strong>da</strong></span> <span class='ocrx_word' id='word_1_27' title='bbox 533 704 611 768; x_wconf 87' lang='lat' dir='ltr'><strong>mihi</strong></span> <span class='ocrx_word' id='word_1_28' title='bbox 629 717 662 768; x_wconf 92' lang='lat' dir='ltr'><strong>ut</strong></span> <span class='ocrx_word' id='word_1_29' title='bbox 676 717 761 768; x_wconf 87' lang='lat' dir='ltr'><strong>tuam</strong></span> <span class='ocrx_word' id='word_1_30' title='bbox 777 706 920 768; x_wconf 81' lang='lat' dir='ltr'><strong>dextram</strong></span> <span class='ocrx_word' id='word_1_31' title='bbox 935 703 1127 792; x_wconf 84' lang='lat' dir='ltr'><strong>contingam.</strong></span> 
     </span>
     <span class='ocr_line' id='line_1_7' title="bbox 251 790 1090 875; baseline -0.001 -17"><span class='ocrx_word' id='word_1_32' title='bbox 251 817 329 858; x_wconf 75' lang='lat' dir='ltr'><strong>acu.</strong></span> <span class='ocrx_word' id='word_1_33' title='bbox 340 793 410 858; x_wconf 87' lang='lat' dir='ltr'><strong>Do:</strong></span> <span class='ocrx_word' id='word_1_34' title='bbox 434 805 489 856; x_wconf 91' lang='lat' dir='ltr'><strong>tua</strong></span> <span class='ocrx_word' id='word_1_35' title='bbox 503 803 549 856; x_wconf 86' lang='lat' dir='ltr'><strong>est</strong></span> <span class='ocrx_word' id='word_1_36' title='bbox 563 790 646 856; x_wconf 87' lang='lat' dir='ltr'><strong>enirn</strong></span> <span class='ocrx_word' id='word_1_37' title='bbox 663 790 803 867; x_wconf 90' lang='lat' dir='ltr'><strong>victoria,</strong></span> <span class='ocrx_word' id='word_1_38' title='bbox 819 811 880 875; x_wconf 83' lang='lat' dir='ltr'><strong>ego</strong></span> <span class='ocrx_word' id='word_1_39' title='bbox 896 811 970 854; x_wconf 89' lang='lat' dir='ltr'><strong>vero</strong></span> <span class='ocrx_word' id='word_1_40' title='bbox 983 793 1090 857; x_wconf 89' lang='lat' dir='ltr'><strong>miser.</strong></span> 
     </span>
     <span class='ocr_line' id='line_1_8' title="bbox 250 877 966 962; baseline -0.006 -18"><span class='ocrx_word' id='word_1_41' title='bbox 250 879 418 948; x_wconf 75' lang='lat' dir='ltr'><strong>uer-Juro</strong></span> <span class='ocrx_word' id='word_1_42' title='bbox 434 877 594 961; x_wconf 85' lang='lat' dir='ltr'><strong>Pelopem,</strong></span> <span class='ocrx_word' id='word_1_43' title='bbox 612 877 665 962; x_wconf 91' lang='lat' dir='ltr'><strong>qui</strong></span> <span class='ocrx_word' id='word_1_44' title='bbox 681 889 769 960; x_wconf 84' lang='lat' dir='ltr'><strong>pater</strong></span> <span class='ocrx_word' id='word_1_45' title='bbox 784 877 846 939; x_wconf 89' lang='lat' dir='ltr'><strong>mei</strong></span> <span class='ocrx_word' id='word_1_46' title='bbox 861 877 966 959; x_wconf 86' lang='lat' dir='ltr'><strong>patrie,</strong></span> 
     </span>
     <span class='ocr_line' id='line_1_9' title="bbox 337 963 1111 1048; baseline -0.005 -18"><span class='ocrx_word' id='word_1_47' title='bbox 337 965 380 1030; x_wconf 83' lang='lat' dir='ltr'><strong>Et</strong></span> <span class='ocrx_word' id='word_1_48' title='bbox 395 965 440 1028; x_wconf 93' lang='lat' dir='ltr'><strong>tui</strong></span> <span class='ocrx_word' id='word_1_49' title='bbox 457 963 637 1039; x_wconf 83' lang='lat' dir='ltr'><strong>vocabatur,</strong></span> <span class='ocrx_word' id='word_1_50' title='bbox 653 975 685 1026; x_wconf 89' lang='lat' dir='ltr'><strong>et</strong></span> <span class='ocrx_word' id='word_1_51' title='bbox 700 964 835 1026; x_wconf 84' lang='lat' dir='ltr'><strong>Atreum</strong></span> <span class='ocrx_word' id='word_1_52' title='bbox 850 965 904 1047; x_wconf 90' lang='lat' dir='ltr'><strong>qui</strong></span> <span class='ocrx_word' id='word_1_53' title='bbox 918 963 1029 1048; x_wconf 86' lang='lat' dir='ltr'><strong>genuit</strong></span> <span class='ocrx_word' id='word_1_54' title='bbox 1042 985 1111 1042; x_wconf 84' lang='lat' dir='ltr'><strong>nos,</strong></span> 
     </span>
     <span class='ocr_line' id='line_1_10' title="bbox 338 1048 1127 1143; baseline -0.003 -27"><span class='ocrx_word' id='word_1_55' title='bbox 338 1052 433 1116; x_wconf 86' lang='lat' dir='ltr'><strong>Certe</strong></span> <span class='ocrx_word' id='word_1_56' title='bbox 447 1050 604 1116; x_wconf 89' lang='lat' dir='ltr'><strong>dicturum</strong></span> <span class='ocrx_word' id='word_1_57' title='bbox 620 1071 670 1112; x_wconf 92' lang='lat' dir='ltr'><strong>me</strong></span> <span class='ocrx_word' id='word_1_58' title='bbox 685 1048 740 1112; x_wconf 90' lang='lat' dir='ltr'><strong>tibi</strong></span> <span class='ocrx_word' id='word_1_59' title='bbox 757 1070 822 1116; x_wconf 83' lang='lat' dir='ltr'><strong>esse</strong></span> <span class='ocrx_word' id='word_1_60' title='bbox 837 1069 877 1112; x_wconf 85' lang='lat' dir='ltr'><strong>ex</strong></span> <span class='ocrx_word' id='word_1_61' title='bbox 892 1051 996 1114; x_wconf 87' lang='lat' dir='ltr'><strong>animo</strong></span> <span class='ocrx_word' id='word_1_62' title='bbox 1010 1067 1127 1143; x_wconf 69' lang='lat' dir='ltr'><strong>aperte,</strong></span> 
     </span>
     <span class='ocr_line' id='line_1_11' title="bbox 298 1129 1002 1212; baseline -0.001 -11"><span class='ocrx_word' id='word_1_63' title='bbox 298 1129 302 1140; x_wconf 62' lang='grc'><strong>“</strong></span> <span class='ocrx_word' id='word_1_64' title='bbox 336 1139 379 1201; x_wconf 88' lang='lat' dir='ltr'><strong>Et</strong></span> <span class='ocrx_word' id='word_1_65' title='bbox 394 1135 473 1202; x_wconf 88' lang='lat' dir='ltr'><strong>nihil</strong></span> <span class='ocrx_word' id='word_1_66' title='bbox 487 1135 700 1212; x_wconf 79' lang='lat' dir='ltr'><strong>artidciosum,</strong></span> <span class='ocrx_word' id='word_1_67' title='bbox 715 1135 770 1200; x_wconf 84' lang='lat' dir='ltr'><strong>aed</strong></span> <span class='ocrx_word' id='word_1_68' title='bbox 787 1136 830 1200; x_wconf 86' lang='lat' dir='ltr'><strong>ita</strong></span> <span class='ocrx_word' id='word_1_69' title='bbox 844 1149 879 1198; x_wconf 92' lang='lat' dir='ltr'><strong>ut</strong></span> <span class='ocrx_word' id='word_1_70' title='bbox 893 1137 1002 1200; x_wconf 86' lang='lat' dir='ltr'><strong>sentio.</strong></span> 
     </span>
     <span class='ocr_line' id='line_1_12' title="bbox 337 1219 1269 1307; baseline -0.001 -20"><span class='ocrx_word' id='word_1_71' title='bbox 337 1224 408 1301; x_wconf 77' lang='lat' dir='ltr'><strong>Ego</strong></span> <span class='ocrx_word' id='word_1_72' title='bbox 422 1245 494 1286; x_wconf 90' lang='lat' dir='ltr'><strong>cum</strong></span> <span class='ocrx_word' id='word_1_73' title='bbox 508 1222 645 1286; x_wconf 89' lang='lat' dir='ltr'><strong>viderem</strong></span> <span class='ocrx_word' id='word_1_74' title='bbox 660 1235 691 1284; x_wconf 91' lang='lat' dir='ltr'><strong>te</strong></span> <span class='ocrx_word' id='word_1_75' title='bbox 705 1243 745 1284; x_wconf 85' lang='lat' dir='ltr'><strong>ex</strong></span> <span class='ocrx_word' id='word_1_76' title='bbox 758 1219 858 1286; x_wconf 91' lang='lat' dir='ltr'><strong>oculis</strong></span> <span class='ocrx_word' id='word_1_77' title='bbox 872 1223 1065 1286; x_wconf 74' lang='lat' dir='ltr'><strong>emittentem</strong></span> <span class='ocrx_word' id='word_1_78' title='bbox 1082 1221 1269 1307; x_wconf 77' lang='lat' dir='ltr'><strong>lachrymas,</strong></span> 
     </span>
     <span class='ocr_line' id='line_1_13' title="bbox 338 1307 1336 1396; baseline 0.003 -24"><span class='ocrx_word' id='word_1_79' title='bbox 338 1308 488 1373; x_wconf 87' lang='lat' dir='ltr'><strong>Misertus</strong></span> <span class='ocrx_word' id='word_1_80' title='bbox 502 1329 571 1372; x_wconf 90' lang='lat' dir='ltr'><strong>sum</strong></span> <span class='ocrx_word' id='word_1_81' title='bbox 595 1310 647 1383; x_wconf 81' lang='lat' dir='ltr'><strong>trsr&#39;,</strong></span> <span class='ocrx_word' id='word_1_82' title='bbox 664 1320 695 1370; x_wconf 85' lang='lat' dir='ltr'><strong>et</strong></span> <span class='ocrx_word' id='word_1_83' title='bbox 716 1307 782 1390; x_wconf 92' lang='lat' dir='ltr'><strong>ipse</strong></span> <span class='ocrx_word' id='word_1_84' title='bbox 801 1309 933 1372; x_wconf 86' lang='lat' dir='ltr'><strong>vicissitu</strong></span> <span class='ocrx_word' id='word_1_85' title='bbox 955 1308 1042 1372; x_wconf 85' lang='lat' dir='ltr'><strong>emisi</strong></span> <span class='ocrx_word' id='word_1_86' title='bbox 1060 1309 1237 1395; x_wconf 61' lang='lat' dir='ltr'><strong>lacaenae,</strong></span> <span class='ocrx_word' id='word_1_87' title='bbox 1259 1332 1336 1396; x_wconf 88' lang='lat' dir='ltr'><strong>pro-</strong></span> 
     </span>
     <span class='ocr_line' id='line_1_14' title="bbox 445 1407 548 1470; baseline -0.019 -10"><span class='ocrx_word' id='word_1_88' title='bbox 445 1408 492 1460; x_wconf 91' lang='lat' dir='ltr'><strong>ter</strong></span> <span class='ocrx_word' id='word_1_89' title='bbox 507 1407 548 1470; x_wconf 91' lang='lat' dir='ltr'><strong>te,</strong></span> 
     </span>
     <span class='ocr_line' id='line_1_15' title="bbox 339 1417 1337 1563; baseline 0.002 -19"><span class='ocrx_word' id='word_1_90' title='bbox 339 1481 382 1544; x_wconf 84' lang='lat' dir='ltr'><strong>Et</strong></span> <span class='ocrx_word' id='word_1_91' title='bbox 396 1417 525 1544; x_wconf 72' lang='lat' dir='ltr'><strong>diicedo</strong></span> <span class='ocrx_word' id='word_1_92' title='bbox 539 1503 558 1544; x_wconf 89' lang='lat' dir='ltr'><strong>a</strong></span> <span class='ocrx_word' id='word_1_93' title='bbox 572 1482 677 1563; x_wconf 90' lang='lat' dir='ltr'><strong>priore</strong></span> <span class='ocrx_word' id='word_1_94' title='bbox 692 1479 855 1553; x_wconf 87' lang='lat' dir='ltr'><strong>sententia,</strong></span> <span class='ocrx_word' id='word_1_95' title='bbox 1271 1489 1337 1551; x_wconf 85' lang='grc'><strong>470</strong></span> 
     </span>
     <span class='ocr_line' id='line_1_16' title="bbox 339 1564 1338 1632; baseline 0.003 -2"><span class='ocrx_word' id='word_1_96' title='bbox 339 1567 412 1630; x_wconf 91' lang='lat' dir='ltr'><strong>Non</strong></span> <span class='ocrx_word' id='word_1_97' title='bbox 423 1567 454 1629; x_wconf 89' lang='lat' dir='ltr'><strong>iu</strong></span> <span class='ocrx_word' id='word_1_98' title='bbox 466 1580 496 1630; x_wconf 92' lang='lat' dir='ltr'><strong>te</strong></span> <span class='ocrx_word' id='word_1_99' title='bbox 506 1565 658 1629; x_wconf 84' lang='lat' dir='ltr'><strong>crudelis:</strong></span> <span class='ocrx_word' id='word_1_100' title='bbox 679 1564 759 1628; x_wconf 90' lang='lat' dir='ltr'><strong>rado</strong></span> <span class='ocrx_word' id='word_1_101' title='bbox 773 1565 858 1628; x_wconf 90' lang='lat' dir='ltr'><strong>enim</strong></span> <span class='ocrx_word' id='word_1_102' title='bbox 873 1567 1072 1630; x_wconf 76' lang='lat' dir='ltr'><strong>eosententr&#39;ce</strong></span> <span class='ocrx_word' id='word_1_103' title='bbox 1082 1565 1137 1632; x_wconf 90' lang='lat' dir='ltr'><strong>ubi</strong></span> <span class='ocrx_word' id='word_1_104' title='bbox 1146 1579 1181 1632; x_wconf 91' lang='lat' dir='ltr'><strong>tu</strong></span> <span class='ocrx_word' id='word_1_105' title='bbox 1192 1589 1338 1632; x_wconf 85' lang='lat' dir='ltr'><strong>trunces:</strong></span> 
     </span>
     <span class='ocr_line' id='line_1_17' title="bbox 339 1650 1056 1734; baseline -0.004 -17"><span class='ocrx_word' id='word_1_106' title='bbox 339 1653 384 1717; x_wconf 86' lang='lat' dir='ltr'><strong>Et</strong></span> <span class='ocrx_word' id='word_1_107' title='bbox 399 1652 456 1716; x_wconf 91' lang='lat' dir='ltr'><strong>tibi</strong></span> <span class='ocrx_word' id='word_1_108' title='bbox 472 1651 598 1727; x_wconf 81' lang='lat' dir='ltr'><strong>suadeo,</strong></span> <span class='ocrx_word' id='word_1_109' title='bbox 615 1673 654 1714; x_wconf 92' lang='lat' dir='ltr'><strong>ne</strong></span> <span class='ocrx_word' id='word_1_110' title='bbox 671 1651 838 1716; x_wconf 86' lang='lat' dir='ltr'><strong>interficias</strong></span> <span class='ocrx_word' id='word_1_111' title='bbox 852 1650 949 1714; x_wconf 86' lang='lat' dir='ltr'><strong>filiam</strong></span> <span class='ocrx_word' id='word_1_112' title='bbox 963 1662 1056 1734; x_wconf 86' lang='lat' dir='ltr'><strong>tuam,</strong></span> 
     </span>
     <span class='ocr_line' id='line_1_18' title="bbox 337 1736 1315 1823; baseline 0 -19"><span class='ocrx_word' id='word_1_113' title='bbox 337 1740 450 1823; x_wconf 91' lang='lat' dir='ltr'><strong>Neque</strong></span> <span class='ocrx_word' id='word_1_114' title='bbox 464 1736 616 1803; x_wconf 84' lang='lat' dir='ltr'><strong>anteferas</strong></span> <span class='ocrx_word' id='word_1_115' title='bbox 631 1758 733 1802; x_wconf 86' lang='lat' dir='ltr'><strong>meam</strong></span> <span class='ocrx_word' id='word_1_116' title='bbox 747 1739 930 1801; x_wconf 78' lang='lat' dir='ltr'><strong>utilitatem.-</strong></span> <span class='ocrx_word' id='word_1_117' title='bbox 952 1759 1017 1800; x_wconf 90' lang='lat' dir='ltr'><strong>nou</strong></span> <span class='ocrx_word' id='word_1_118' title='bbox 1031 1738 1116 1802; x_wconf 84' lang='lat' dir='ltr'><strong>enim</strong></span> <span class='ocrx_word' id='word_1_119' title='bbox 1124 1739 1247 1822; x_wconf 87' lang='lat' dir='ltr'><strong>justum</strong></span> <span class='ocrx_word' id='word_1_120' title='bbox 1261 1750 1315 1817; x_wconf 80' lang='lat' dir='ltr'><strong>ert,</strong></span> 
     </span>
     <span class='ocr_line' id='line_1_19' title="bbox 338 1822 1126 1910; baseline -0.001 -21"><span class='ocrx_word' id='word_1_121' title='bbox 338 1825 387 1889; x_wconf 90' lang='lat' dir='ltr'><strong>Te</strong></span> <span class='ocrx_word' id='word_1_122' title='bbox 401 1823 528 1910; x_wconf 90' lang='lat' dir='ltr'><strong>quidem</strong></span> <span class='ocrx_word' id='word_1_123' title='bbox 566 1845 680 1899; x_wconf 89' lang='lat' dir='ltr'><strong>emere,</strong></span> <span class='ocrx_word' id='word_1_124' title='bbox 697 1845 747 1886; x_wconf 92' lang='lat' dir='ltr'><strong>me</strong></span> <span class='ocrx_word' id='word_1_125' title='bbox 764 1845 834 1888; x_wconf 79' lang='lat' dir='ltr'><strong>vero</strong></span> <span class='ocrx_word' id='word_1_126' title='bbox 849 1824 985 1888; x_wconf 80' lang='lat' dir='ltr'><strong>suaviter</strong></span> <span class='ocrx_word' id='word_1_127' title='bbox 1000 1822 1126 1902; x_wconf 86' lang='lat' dir='ltr'><strong>habere,</strong></span> 
     </span>
     <span class='ocr_line' id='line_1_20' title="bbox 339 1847 1279 2011; baseline 0.003 -36"><span class='ocrx_word' id='word_1_128' title='bbox 339 1910 381 1975; x_wconf 89' lang='lat' dir='ltr'><strong>Et</strong></span> <span class='ocrx_word' id='word_1_129' title='bbox 392 1923 466 1975; x_wconf 91' lang='lat' dir='ltr'><strong>tuos</strong></span> <span class='ocrx_word' id='word_1_130' title='bbox 480 1847 608 2011; x_wconf 70' lang='lat' dir='ltr'><strong>quidem</strong></span> <span class='ocrx_word' id='word_1_131' title='bbox 622 1909 714 1990; x_wconf 91' lang='lat' dir='ltr'><strong>mori,</strong></span> <span class='ocrx_word' id='word_1_132' title='bbox 729 1931 816 1974; x_wconf 88' lang='lat' dir='ltr'><strong>meos</strong></span> <span class='ocrx_word' id='word_1_133' title='bbox 832 1931 906 1974; x_wconf 88' lang='lat' dir='ltr'><strong>vero</strong></span> <span class='ocrx_word' id='word_1_134' title='bbox 919 1909 1058 1993; x_wconf 87' lang='lat' dir='ltr'><strong>aspicere</strong></span> <span class='ocrx_word' id='word_1_135' title='bbox 1072 1911 1151 1974; x_wconf 76' lang='lat' dir='ltr'><strong>hoec</strong></span> <span class='ocrx_word' id='word_1_136' title='bbox 1166 1910 1279 1978; x_wconf 82' lang='lat' dir='ltr'><strong>lucam.</strong></span> 
     </span>
     <span class='ocr_line' id='line_1_21' title="bbox 338 1993 1082 2094; baseline 0.003 -34"><span class='ocrx_word' id='word_1_137' title='bbox 338 1997 435 2074; x_wconf 89' lang='lat' dir='ltr'><strong>Quod</strong></span> <span class='ocrx_word' id='word_1_138' title='bbox 451 2018 534 2062; x_wconf 90' lang='lat' dir='ltr'><strong>emm</strong></span> <span class='ocrx_word' id='word_1_139' title='bbox 550 1993 646 2060; x_wconf 81' lang='lat' dir='ltr'><strong>volo?</strong></span> <span class='ocrx_word' id='word_1_140' title='bbox 666 2018 706 2060; x_wconf 87' lang='lat' dir='ltr'><strong>en</strong></span> <span class='ocrx_word' id='word_1_141' title='bbox 723 2017 787 2059; x_wconf 91' lang='lat' dir='ltr'><strong>non</strong></span> <span class='ocrx_word' id='word_1_142' title='bbox 802 1995 943 2094; x_wconf 73' lang='lat' dir='ltr'><strong>egregias</strong></span> <span class='ocrx_word' id='word_1_143' title='bbox 956 1996 1082 2081; x_wconf 82' lang='lat' dir='ltr'><strong>nuptias</strong></span> 
     </span>
     <span class='ocr_line' id='line_1_22' title="bbox 338 2080 1104 2166; baseline 0 -20"><span class='ocrx_word' id='word_1_144' title='bbox 338 2083 426 2146; x_wconf 87' lang='lat' dir='ltr'><strong>Alias</strong></span> <span class='ocrx_word' id='word_1_145' title='bbox 441 2103 592 2166; x_wconf 85' lang='lat' dir='ltr'><strong>apparare</strong></span> <span class='ocrx_word' id='word_1_146' title='bbox 606 2103 743 2165; x_wconf 89' lang='lat' dir='ltr'><strong>possum,</strong></span> <span class='ocrx_word' id='word_1_147' title='bbox 758 2081 784 2144; x_wconf 85' lang='lat' dir='ltr'><strong>si</strong></span> <span class='ocrx_word' id='word_1_148' title='bbox 799 2096 924 2165; x_wconf 76' lang='lat' dir='ltr'><strong>nuptias</strong></span> <span class='ocrx_word' id='word_1_149' title='bbox 938 2080 1104 2148; x_wconf 83' lang='lat' dir='ltr'><strong>desidero?</strong></span> 
     </span>
     <span class='ocr_line' id='line_1_23' title="bbox 339 2166 1337 2253; baseline 0.002 -20"><span class='ocrx_word' id='word_1_150' title='bbox 339 2168 401 2233; x_wconf 89' lang='lat' dir='ltr'><strong>Sed</strong></span> <span class='ocrx_word' id='word_1_151' title='bbox 416 2167 549 2252; x_wconf 86' lang='lat' dir='ltr'><strong>perdens</strong></span> <span class='ocrx_word' id='word_1_152' title='bbox 560 2167 697 2242; x_wconf 87' lang='lat' dir='ltr'><strong>fratrem,</strong></span> <span class='ocrx_word' id='word_1_153' title='bbox 708 2189 800 2252; x_wconf 85' lang='lat' dir='ltr'><strong>quem</strong></span> <span class='ocrx_word' id='word_1_154' title='bbox 819 2190 868 2230; x_wconf 88' lang='lat' dir='ltr'><strong>me</strong></span> <span class='ocrx_word' id='word_1_155' title='bbox 882 2166 1012 2232; x_wconf 89' lang='lat' dir='ltr'><strong>minime</strong></span> <span class='ocrx_word' id='word_1_156' title='bbox 1023 2168 1190 2253; x_wconf 83' lang='lat' dir='ltr'><strong>oportebat</strong></span> <span class='ocrx_word' id='word_1_157' title='bbox 1202 2171 1337 2252; x_wconf 81' lang='lat' dir='ltr'><strong>perdere,</strong></span> 
     </span>
     <span class='ocr_line' id='line_1_24' title="bbox 340 2251 1008 2338; baseline 0 -22"><span class='ocrx_word' id='word_1_158' title='bbox 340 2253 498 2317; x_wconf 84' lang='lat' dir='ltr'><strong>Helenam</strong></span> <span class='ocrx_word' id='word_1_159' title='bbox 513 2253 675 2338; x_wconf 85' lang='lat' dir='ltr'><strong>accipiam,</strong></span> <span class='ocrx_word' id='word_1_160' title='bbox 695 2252 810 2316; x_wconf 90' lang='lat' dir='ltr'><strong>malum</strong></span> <span class='ocrx_word' id='word_1_161' title='bbox 826 2275 885 2337; x_wconf 93' lang='lat' dir='ltr'><strong>pro</strong></span> <span class='ocrx_word' id='word_1_162' title='bbox 900 2251 1008 2318; x_wconf 81' lang='lat' dir='ltr'><strong>bono?</strong></span> 
     </span>
     <span class='ocr_line' id='line_1_25' title="bbox 340 2339 1341 2425; baseline 0.005 -21"><span class='ocrx_word' id='word_1_163' title='bbox 340 2339 462 2404; x_wconf 87' lang='lat' dir='ltr'><strong>Stultus</strong></span> <span class='ocrx_word' id='word_1_164' title='bbox 477 2352 508 2402; x_wconf 87' lang='lat' dir='ltr'><strong>et</strong></span> <span class='ocrx_word' id='word_1_165' title='bbox 517 2339 642 2424; x_wconf 88' lang='lat' dir='ltr'><strong>juvenis</strong></span> <span class='ocrx_word' id='word_1_166' title='bbox 655 2361 741 2404; x_wconf 84' lang='lat' dir='ltr'><strong>eram</strong></span> <span class='ocrx_word' id='word_1_167' title='bbox 756 2339 860 2423; x_wconf 90' lang='lat' dir='ltr'><strong>prius:</strong></span> <span class='ocrx_word' id='word_1_168' title='bbox 884 2340 938 2402; x_wconf 88' lang='lat' dir='ltr'><strong>sed</strong></span> <span class='ocrx_word' id='word_1_169' title='bbox 954 2340 1165 2425; x_wconf 82' lang='lat' dir='ltr'><strong>propinarem</strong></span> <span class='ocrx_word' id='word_1_170' title='bbox 1276 2352 1341 2409; x_wconf 75' lang='lat'><strong>480</strong></span> 
     </span>
     <span class='ocr_line' id='line_1_26' title="bbox 339 2423 1221 2510; baseline 0.006 -20"><span class='ocrx_word' id='word_1_171' title='bbox 339 2425 513 2510; x_wconf 79' lang='lat' dir='ltr'><strong>Inspiciam</strong></span> <span class='ocrx_word' id='word_1_172' title='bbox 527 2425 602 2502; x_wconf 88' lang='lat' dir='ltr'><strong>vidi,</strong></span> <span class='ocrx_word' id='word_1_173' title='bbox 619 2423 710 2509; x_wconf 85' lang='lat' dir='ltr'><strong>quale</strong></span> <span class='ocrx_word' id='word_1_174' title='bbox 724 2425 837 2489; x_wconf 73' lang='lat' dir='ltr'><strong>meum</strong></span> <span class='ocrx_word' id='word_1_175' title='bbox 851 2427 890 2489; x_wconf 91' lang='lat' dir='ltr'><strong>sit</strong></span> <span class='ocrx_word' id='word_1_176' title='bbox 905 2425 1080 2492; x_wconf 87' lang='lat' dir='ltr'><strong>interficere</strong></span> <span class='ocrx_word' id='word_1_177' title='bbox 1093 2426 1221 2494; x_wconf 86' lang='lat' dir='ltr'><strong>liberes.</strong></span> 
     </span>
     <span class='ocr_line' id='line_1_27' title="bbox 338 2511 1095 2597; baseline 0.001 -22"><span class='ocrx_word' id='word_1_178' title='bbox 338 2511 497 2576; x_wconf 83' lang='lat' dir='ltr'><strong>Praeterea</strong></span> <span class='ocrx_word' id='word_1_179' title='bbox 510 2534 584 2576; x_wconf 91' lang='lat' dir='ltr'><strong>vero</strong></span> <span class='ocrx_word' id='word_1_180' title='bbox 598 2533 649 2574; x_wconf 88' lang='lat' dir='ltr'><strong>me</strong></span> <span class='ocrx_word' id='word_1_181' title='bbox 663 2511 822 2575; x_wconf 87' lang='lat' dir='ltr'><strong>miseratio</strong></span> <span class='ocrx_word' id='word_1_182' title='bbox 837 2511 967 2578; x_wconf 83' lang='lat' dir='ltr'><strong>iulelicis</strong></span> <span class='ocrx_word' id='word_1_183' title='bbox 980 2512 1095 2597; x_wconf 84' lang='lat' dir='ltr'><strong>puellae</strong></span> 
     </span>
     <span class='ocr_line' id='line_1_28' title="bbox 339 2597 1050 2682; baseline 0 -20"><span class='ocrx_word' id='word_1_184' title='bbox 339 2597 455 2674; x_wconf 87' lang='lat' dir='ltr'><strong>Subiit,</strong></span> <span class='ocrx_word' id='word_1_185' title='bbox 469 2597 658 2682; x_wconf 80' lang='lat' dir='ltr'><strong>cogitantem</strong></span> <span class='ocrx_word' id='word_1_186' title='bbox 673 2597 891 2682; x_wconf 84' lang='lat' dir='ltr'><strong>cognationem</strong></span> <span class='ocrx_word' id='word_1_187' title='bbox 907 2609 1050 2676; x_wconf 65' lang='lat' dir='ltr'><strong>noscam,</strong></span> 
     </span>
     <span class='ocr_line' id='line_1_29' title="bbox 339 2683 986 2769; baseline 0 -21"><span class='ocrx_word' id='word_1_188' title='bbox 339 2683 423 2761; x_wconf 81' lang='lat' dir='ltr'><strong>Quae</strong></span> <span class='ocrx_word' id='word_1_189' title='bbox 437 2699 567 2769; x_wconf 88' lang='lat' dir='ltr'><strong>propter</strong></span> <span class='ocrx_word' id='word_1_190' title='bbox 580 2705 664 2748; x_wconf 86' lang='lat' dir='ltr'><strong>meas</strong></span> <span class='ocrx_word' id='word_1_191' title='bbox 677 2684 804 2768; x_wconf 87' lang='lat' dir='ltr'><strong>nuptias</strong></span> <span class='ocrx_word' id='word_1_192' title='bbox 818 2685 986 2750; x_wconf 81' lang='lat' dir='ltr'><strong>mactanda</strong></span> 
     </span>
     <span class='ocr_line' id='line_1_30' title="bbox 339 2767 1154 2856; baseline 0.001 -22"><span class='ocrx_word' id='word_1_193' title='bbox 339 2771 413 2834; x_wconf 86' lang='lat' dir='ltr'><strong>Est:</strong></span> <span class='ocrx_word' id='word_1_194' title='bbox 437 2769 513 2856; x_wconf 92' lang='lat' dir='ltr'><strong>quid</strong></span> <span class='ocrx_word' id='word_1_195' title='bbox 527 2769 612 2836; x_wconf 89' lang='lat' dir='ltr'><strong>enim</strong></span> <span class='ocrx_word' id='word_1_196' title='bbox 627 2769 672 2832; x_wconf 89' lang='lat' dir='ltr'><strong>rei</strong></span> <span class='ocrx_word' id='word_1_197' title='bbox 686 2781 734 2834; x_wconf 88' lang='lat' dir='ltr'><strong>est</strong></span> <span class='ocrx_word' id='word_1_198' title='bbox 748 2782 811 2836; x_wconf 81' lang='lat' dir='ltr'><strong>tuae</strong></span> <span class='ocrx_word' id='word_1_199' title='bbox 825 2769 900 2834; x_wconf 76' lang='lat' dir='ltr'><strong>filiae</strong></span> <span class='ocrx_word' id='word_1_200' title='bbox 915 2791 987 2836; x_wconf 87' lang='lat' dir='ltr'><strong>cum</strong></span> <span class='ocrx_word' id='word_1_201' title='bbox 1003 2767 1154 2836; x_wconf 77' lang='lat' dir='ltr'><strong>Helena?</strong></span> 
     </span>
     <span class='ocr_line' id='line_1_31' title="bbox 338 2855 922 2922; baseline -0.002 -1"><span class='ocrx_word' id='word_1_202' title='bbox 338 2856 400 2921; x_wconf 87' lang='lat' dir='ltr'><strong>Eat</strong></span> <span class='ocrx_word' id='word_1_203' title='bbox 414 2856 568 2922; x_wconf 83' lang='lat' dir='ltr'><strong>exercitus</strong></span> <span class='ocrx_word' id='word_1_204' title='bbox 581 2855 726 2920; x_wconf 88' lang='lat' dir='ltr'><strong>dimissus</strong></span> <span class='ocrx_word' id='word_1_205' title='bbox 740 2877 780 2920; x_wconf 86' lang='lat' dir='ltr'><strong>ex</strong></span> <span class='ocrx_word' id='word_1_206' title='bbox 796 2855 922 2920; x_wconf 86' lang='lat' dir='ltr'><strong>Aulide.</strong></span> 
     </span>
     <span class='ocr_line' id='line_1_32' title="bbox 338 2941 1156 3028; baseline 0.001 -22"><span class='ocrx_word' id='word_1_207' title='bbox 338 2941 390 3006; x_wconf 90' lang='lat' dir='ltr'><strong>Tu</strong></span> <span class='ocrx_word' id='word_1_208' title='bbox 406 2965 480 3006; x_wconf 84' lang='lat' dir='ltr'><strong>vero</strong></span> <span class='ocrx_word' id='word_1_209' title='bbox 494 2942 608 3007; x_wconf 88' lang='lat' dir='ltr'><strong>desiste</strong></span> <span class='ocrx_word' id='word_1_210' title='bbox 622 2941 730 3006; x_wconf 88' lang='lat' dir='ltr'><strong>oculos</strong></span> <span class='ocrx_word' id='word_1_211' title='bbox 744 2953 815 3006; x_wconf 88' lang='lat' dir='ltr'><strong>tuos</strong></span> <span class='ocrx_word' id='word_1_212' title='bbox 829 2942 961 3028; x_wconf 82' lang='lat' dir='ltr'><strong>irrigare</strong></span> <span class='ocrx_word' id='word_1_213' title='bbox 975 2941 1156 3028; x_wconf 84' lang='lat' dir='ltr'><strong>lachrymis,</strong></span> 
     </span>
     <span class='ocr_line' id='line_1_33' title="bbox 339 3027 1017 3115; baseline 0.003 -23"><span class='ocrx_word' id='word_1_214' title='bbox 339 3027 460 3104; x_wconf 84' lang='lat' dir='ltr'><strong>Frater,</strong></span> <span class='ocrx_word' id='word_1_215' title='bbox 476 3041 508 3092; x_wconf 89' lang='lat' dir='ltr'><strong>et</strong></span> <span class='ocrx_word' id='word_1_216' title='bbox 523 3051 573 3093; x_wconf 88' lang='lat' dir='ltr'><strong>me</strong></span> <span class='ocrx_word' id='word_1_217' title='bbox 585 3049 760 3112; x_wconf 80' lang='lat' dir='ltr'><strong>provocare</strong></span> <span class='ocrx_word' id='word_1_218' title='bbox 775 3027 818 3094; x_wconf 82' lang='lat' dir='ltr'><strong>ad</strong></span> <span class='ocrx_word' id='word_1_219' title='bbox 830 3027 1017 3115; x_wconf 82' lang='lat' dir='ltr'><strong>lachrymas.</strong></span> 
     </span>
     <span class='ocr_line' id='line_1_34' title="bbox 340 3113 1124 3199; baseline -0.003 -19"><span class='ocrx_word' id='word_1_220' title='bbox 340 3115 375 3180; x_wconf 83' lang='lat' dir='ltr'><strong>Si</strong></span> <span class='ocrx_word' id='word_1_221' title='bbox 389 3113 466 3199; x_wconf 90' lang='lat' dir='ltr'><strong>quid</strong></span> <span class='ocrx_word' id='word_1_222' title='bbox 482 3135 555 3180; x_wconf 89' lang='lat' dir='ltr'><strong>vero</strong></span> <span class='ocrx_word' id='word_1_223' title='bbox 568 3113 696 3180; x_wconf 87' lang='lat' dir='ltr'><strong>oracula</strong></span> <span class='ocrx_word' id='word_1_224' title='bbox 709 3115 749 3178; x_wconf 91' lang='lat' dir='ltr'><strong>de</strong></span> <span class='ocrx_word' id='word_1_225' title='bbox 764 3126 820 3178; x_wconf 94' lang='lat' dir='ltr'><strong>tua</strong></span> <span class='ocrx_word' id='word_1_226' title='bbox 832 3113 875 3178; x_wconf 89' lang='lat' dir='ltr'><strong>ad</strong></span> <span class='ocrx_word' id='word_1_227' title='bbox 891 3137 942 3180; x_wconf 89' lang='lat' dir='ltr'><strong>me</strong></span> <span class='ocrx_word' id='word_1_228' title='bbox 956 3113 1124 3199; x_wconf 83' lang='lat' dir='ltr'><strong>pertinent,</strong></span> 
     </span>
     <span class='ocr_line' id='line_1_35' title="bbox 338 3198 1341 3286; baseline 0.005 -22"><span class='ocrx_word' id='word_1_229' title='bbox 338 3198 428 3264; x_wconf 82' lang='lat' dir='ltr'><strong>Nihil</strong></span> <span class='ocrx_word' id='word_1_230' title='bbox 441 3221 516 3270; x_wconf 81' lang='lat' dir='ltr'><strong>saue</strong></span> <span class='ocrx_word' id='word_1_231' title='bbox 530 3200 704 3284; x_wconf 85' lang='lat' dir='ltr'><strong>pertinent3</strong></span> <span class='ocrx_word' id='word_1_232' title='bbox 727 3200 785 3264; x_wconf 88' lang='lat' dir='ltr'><strong>tibi</strong></span> <span class='ocrx_word' id='word_1_233' title='bbox 800 3199 906 3266; x_wconf 87' lang='lat' dir='ltr'><strong>tribuo</strong></span> <span class='ocrx_word' id='word_1_234' title='bbox 922 3223 1023 3276; x_wconf 83' lang='lat' dir='ltr'><strong>meam</strong></span> <span class='ocrx_word' id='word_1_235' title='bbox 1037 3215 1171 3286; x_wconf 85' lang='lat' dir='ltr'><strong>partem.</strong></span> <span class='ocrx_word' id='word_1_236' title='bbox 1276 3213 1341 3270; x_wconf 80' lang='lat'><strong>490</strong></span> 
     </span>
     <span class='ocr_line' id='line_1_36' title="bbox 339 3285 1145 3368; baseline 0 -16"><span class='ocrx_word' id='word_1_237' title='bbox 339 3285 403 3352; x_wconf 83' lang='lat' dir='ltr'><strong>sed</strong></span> <span class='ocrx_word' id='word_1_238' title='bbox 417 3286 443 3349; x_wconf 92' lang='lat' dir='ltr'><strong>si</strong></span> <span class='ocrx_word' id='word_1_239' title='bbox 458 3286 530 3350; x_wconf 85' lang='lat' dir='ltr'><strong>veni</strong></span> <span class='ocrx_word' id='word_1_240' title='bbox 544 3287 577 3350; x_wconf 93' lang='lat' dir='ltr'><strong>in</strong></span> <span class='ocrx_word' id='word_1_241' title='bbox 594 3287 799 3350; x_wconf 86' lang='lat' dir='ltr'><strong>mutationem</strong></span> <span class='ocrx_word' id='word_1_242' title='bbox 813 3309 832 3350; x_wconf 87' lang='lat' dir='ltr'><strong>a</strong></span> <span class='ocrx_word' id='word_1_243' title='bbox 846 3286 965 3352; x_wconf 90' lang='lat' dir='ltr'><strong>crudeli</strong></span> <span class='ocrx_word' id='word_1_244' title='bbox 979 3287 1145 3368; x_wconf 86' lang='lat' dir='ltr'><strong>sententia,</strong></span> 
     </span>
     <span class='ocr_line' id='line_1_37' title="bbox 339 3370 1342 3460; baseline 0.004 -24"><span class='ocrx_word' id='word_1_245' title='bbox 339 3370 478 3438; x_wconf 85' lang='lat' dir='ltr'><strong>Affectus</strong></span> <span class='ocrx_word' id='word_1_246' title='bbox 492 3393 571 3449; x_wconf 88' lang='lat' dir='ltr'><strong>sum,</strong></span> <span class='ocrx_word' id='word_1_247' title='bbox 586 3386 622 3436; x_wconf 92' lang='lat' dir='ltr'><strong>ut</strong></span> <span class='ocrx_word' id='word_1_248' title='bbox 636 3385 853 3458; x_wconf 77' lang='lat' dir='ltr'><strong>aequumerat:</strong></span> <span class='ocrx_word' id='word_1_249' title='bbox 868 3371 1001 3454; x_wconf 77' lang='lat' dir='ltr'><strong>fratrem</strong></span> <span class='ocrx_word' id='word_1_250' title='bbox 1012 3374 1123 3440; x_wconf 87' lang='lat' dir='ltr'><strong>eodem</strong></span> <span class='ocrx_word' id='word_1_251' title='bbox 1134 3385 1228 3460; x_wconf 83' lang='lat' dir='ltr'><strong>patre</strong></span> <span class='ocrx_word' id='word_1_252' title='bbox 1238 3387 1342 3440; x_wconf 77' lang='lat' dir='ltr'><strong>astum</strong></span> 
     </span>
     <span class='ocr_line' id='line_1_38' title="bbox 337 3458 1110 3526; baseline 0.005 -4"><span class='ocrx_word' id='word_1_253' title='bbox 337 3461 456 3522; x_wconf 85' lang='lat' dir='ltr'><strong>Amans</strong></span> <span class='ocrx_word' id='word_1_254' title='bbox 469 3471 610 3523; x_wconf 88' lang='lat' dir='ltr'><strong>mutatus</strong></span> <span class='ocrx_word' id='word_1_255' title='bbox 623 3481 703 3524; x_wconf 85' lang='lat' dir='ltr'><strong>sum.</strong></span> <span class='ocrx_word' id='word_1_256' title='bbox 748 3458 831 3524; x_wconf 89' lang='lat' dir='ltr'><strong>Boni</strong></span> <span class='ocrx_word' id='word_1_257' title='bbox 847 3459 905 3524; x_wconf 86' lang='lat' dir='ltr'><strong>viri</strong></span> <span class='ocrx_word' id='word_1_258' title='bbox 922 3460 1110 3526; x_wconf 86' lang='lat' dir='ltr'><strong>mutationes</strong></span> 
     </span>
     <span class='ocr_line' id='line_1_39' title="bbox 337 3543 1038 3630; baseline 0.003 -22"><span class='ocrx_word' id='word_1_259' title='bbox 337 3543 432 3610; x_wconf 88' lang='lat' dir='ltr'><strong>Tales</strong></span> <span class='ocrx_word' id='word_1_260' title='bbox 446 3557 530 3622; x_wconf 89' lang='lat' dir='ltr'><strong>sunt,</strong></span> <span class='ocrx_word' id='word_1_261' title='bbox 544 3567 666 3630; x_wconf 86' lang='lat' dir='ltr'><strong>semper</strong></span> <span class='ocrx_word' id='word_1_262' title='bbox 679 3545 801 3630; x_wconf 89' lang='lat' dir='ltr'><strong>optima</strong></span> <span class='ocrx_word' id='word_1_263' title='bbox 814 3545 970 3610; x_wconf 87' lang='lat' dir='ltr'><strong>sententia</strong></span> <span class='ocrx_word' id='word_1_264' title='bbox 983 3547 1038 3612; x_wconf 91' lang='lat' dir='ltr'><strong>uti.</strong></span> 
     </span>
     <span class='ocr_line' id='line_1_40' title="bbox 252 3629 1018 3712; baseline -0.001 -15"><span class='ocrx_word' id='word_1_265' title='bbox 252 3651 329 3697; x_wconf 82' lang='lat' dir='ltr'><strong>cue.</strong></span> <span class='ocrx_word' id='word_1_266' title='bbox 339 3631 501 3696; x_wconf 84' lang='lat' dir='ltr'><strong>Generosa</strong></span> <span class='ocrx_word' id='word_1_267' title='bbox 515 3629 634 3709; x_wconf 70' lang='lat' dir='ltr'><strong>dixisti,</strong></span> <span class='ocrx_word' id='word_1_268' title='bbox 648 3645 680 3696; x_wconf 88' lang='lat' dir='ltr'><strong>et</strong></span> <span class='ocrx_word' id='word_1_269' title='bbox 695 3629 833 3712; x_wconf 88' lang='lat' dir='ltr'><strong>Tautan</strong></span> <span class='ocrx_word' id='word_1_270' title='bbox 848 3629 915 3696; x_wconf 84' lang='lat' dir='ltr'><strong>filio</strong></span> <span class='ocrx_word' id='word_1_271' title='bbox 928 3631 1018 3696; x_wconf 80' lang='lat' dir='ltr'><strong>louis</strong></span> 
     </span>
     <span class='ocr_line' id='line_1_41' title="bbox 338 3716 979 3804; baseline 0.003 -22"><span class='ocrx_word' id='word_1_272' title='bbox 338 3717 463 3804; x_wconf 75' lang='lat' dir='ltr'><strong>Digna:</strong></span> <span class='ocrx_word' id='word_1_273' title='bbox 486 3739 550 3782; x_wconf 90' lang='lat' dir='ltr'><strong>uon</strong></span> <span class='ocrx_word' id='word_1_274' title='bbox 566 3716 736 3784; x_wconf 86' lang='lat' dir='ltr'><strong>dedecoras</strong></span> <span class='ocrx_word' id='word_1_275' title='bbox 751 3729 822 3782; x_wconf 83' lang='lat' dir='ltr'><strong>tuos</strong></span> <span class='ocrx_word' id='word_1_276' title='bbox 834 3717 979 3802; x_wconf 86' lang='lat' dir='ltr'><strong>majores.</strong></span> 
     </span>
    </p>
   </div>
   <div class='ocr_carea' id='block_1_3' title="bbox 151 3801 1236 3891">
    <p class='ocr_par' dir='ltr' id='par_1_3' title="bbox 151 3801 1236 3891">
     <span class='ocr_line' id='line_1_42' title="bbox 151 3801 1236 3891; baseline 0.003 -24"><span class='ocrx_word' id='word_1_277' title='bbox 151 3809 157 3826; x_wconf 84' lang='lat'><em>⁰</em></span> <span class='ocrx_word' id='word_1_278' title='bbox 253 3824 330 3868; x_wconf 78' lang='lat' dir='ltr'><strong>noa.</strong></span> <span class='ocrx_word' id='word_1_279' title='bbox 341 3802 453 3867; x_wconf 87' lang='lat' dir='ltr'><strong>Laudo</strong></span> <span class='ocrx_word' id='word_1_280' title='bbox 468 3815 509 3880; x_wconf 86' lang='lat' dir='ltr'><strong>te,</strong></span> <span class='ocrx_word' id='word_1_281' title='bbox 527 3801 683 3878; x_wconf 75' lang='lat' dir='ltr'><strong>Menelao,</strong></span> <span class='ocrx_word' id='word_1_282' title='bbox 698 3803 787 3890; x_wconf 92' lang='lat' dir='ltr'><strong>quod</strong></span> <span class='ocrx_word' id='word_1_283' title='bbox 802 3815 1037 3887; x_wconf 77' lang='lat' dir='ltr'><strong>praetermeare</strong></span> <span class='ocrx_word' id='word_1_284' title='bbox 1050 3803 1236 3891; x_wconf 83' lang='lat' dir='ltr'><strong>opinionem</strong></span> 
     </span>
    </p>
   </div>
   <div class='ocr_carea' id='block_1_4' title="bbox 251 3887 1346 4250">
    <p class='ocr_par' dir='ltr' id='par_1_4' title="bbox 340 3887 1068 3974">
     <span class='ocr_line' id='line_1_43' title="bbox 340 3887 1068 3974; baseline 0.005 -22"><span class='ocrx_word' id='word_1_285' title='bbox 340 3888 438 3953; x_wconf 86' lang='lat' dir='ltr'><strong>Recte</strong></span> <span class='ocrx_word' id='word_1_286' title='bbox 452 3887 521 3953; x_wconf 64' lang='lat' dir='ltr'><strong>haec</strong></span> <span class='ocrx_word' id='word_1_287' title='bbox 535 3889 630 3954; x_wconf 85' lang='lat' dir='ltr'><strong>verba</strong></span> <span class='ocrx_word' id='word_1_288' title='bbox 643 3888 811 3974; x_wconf 85' lang='lat' dir='ltr'><strong>subjecisti,</strong></span> <span class='ocrx_word' id='word_1_289' title='bbox 827 3901 859 3954; x_wconf 90' lang='lat' dir='ltr'><strong>et</strong></span> <span class='ocrx_word' id='word_1_290' title='bbox 875 3901 909 3953; x_wconf 92' lang='lat' dir='ltr'><strong>ut</strong></span> <span class='ocrx_word' id='word_1_291' title='bbox 923 3904 954 3955; x_wconf 90' lang='lat' dir='ltr'><strong>te</strong></span> <span class='ocrx_word' id='word_1_292' title='bbox 968 3890 1068 3956; x_wconf 87' lang='lat' dir='ltr'><strong>decet.</strong></span> 
     </span>
    </p>

    <p class='ocr_par' dir='ltr' id='par_1_5' title="bbox 251 3973 1346 4250">
     <span class='ocr_line' id='line_1_44' title="bbox 251 3973 1211 4061; baseline 0.004 -23"><span class='ocrx_word' id='word_1_293' title='bbox 251 3973 509 4039; x_wconf 75' lang='lat' dir='ltr'><strong>aranisoordia</strong></span> <span class='ocrx_word' id='word_1_294' title='bbox 520 3973 653 4040; x_wconf 82' lang='lat' dir='ltr'><strong>fratrum</strong></span> <span class='ocrx_word' id='word_1_295' title='bbox 668 3975 783 4061; x_wconf 91' lang='lat' dir='ltr'><strong>quibus</strong></span> <span class='ocrx_word' id='word_1_296' title='bbox 796 3989 928 4061; x_wconf 89' lang='lat' dir='ltr'><strong>propter</strong></span> <span class='ocrx_word' id='word_1_297' title='bbox 942 3998 1082 4044; x_wconf 87' lang='lat' dir='ltr'><strong>amorem</strong></span> <span class='ocrx_word' id='word_1_298' title='bbox 1096 3977 1211 4060; x_wconf 85' lang='lat' dir='ltr'><strong>oritur,</strong></span> 
     </span>
     <span class='ocr_line' id='line_1_45' title="bbox 337 4059 1346 4134; baseline 0.003 -10"><span class='ocrx_word' id='word_1_299' title='bbox 337 4059 381 4124; x_wconf 87' lang='lat' dir='ltr'><strong>Et</strong></span> <span class='ocrx_word' id='word_1_300' title='bbox 395 4061 557 4126; x_wconf 79' lang='lat' dir='ltr'><strong>avaritiam</strong></span> <span class='ocrx_word' id='word_1_301' title='bbox 570 4060 777 4126; x_wconf 81' lang='lat' dir='ltr'><strong>familiarum:</strong></span> <span class='ocrx_word' id='word_1_302' title='bbox 800 4060 967 4126; x_wconf 89' lang='lat' dir='ltr'><strong>abominor</strong></span> <span class='ocrx_word' id='word_1_303' title='bbox 1280 4075 1346 4134; x_wconf 81' lang='lat'><strong>500</strong></span> 
     </span>
     <span class='ocr_line' id='line_1_46' title="bbox 335 4144 978 4250; baseline 0.006 -40"><span class='ocrx_word' id='word_1_304' title='bbox 335 4144 447 4210; x_wconf 87' lang='lat' dir='ltr'><strong>Talem</strong></span> <span class='ocrx_word' id='word_1_305' title='bbox 461 4149 680 4235; x_wconf 79' lang='lat' dir='ltr'><strong>cognationem</strong></span> <span class='ocrx_word' id='word_1_306' title='bbox 695 4146 841 4250; x_wconf 80' lang='lat' dir='ltr'><strong>acerbam</strong></span> <span class='ocrx_word' id='word_1_307' title='bbox 855 4161 978 4214; x_wconf 88' lang='lat' dir='ltr'><strong>mutuo.</strong></span> 
     </span>
    </p>
   </div>
   <div class='ocr_carea' id='block_1_5' title="bbox 251 4233 938 4318">
    <p class='ocr_par' dir='ltr' id='par_1_6' title="bbox 251 4233 938 4318">
     <span class='ocr_line' id='line_1_47' title="bbox 251 4233 938 4318; baseline 0.015 -22"><span class='ocrx_word' id='word_1_308' title='bbox 251 4249 325 4296; x_wconf 76' lang='lat' dir='ltr'><strong>asa.</strong></span> <span class='ocrx_word' id='word_1_309' title='bbox 336 4233 435 4318; x_wconf 81' lang='lat' dir='ltr'><strong>Atqui</strong></span> <span class='ocrx_word' id='word_1_310' title='bbox 449 4235 650 4318; x_wconf 85' lang='lat' dir='ltr'><strong>pervenimus</strong></span> <span class='ocrx_word' id='word_1_311' title='bbox 665 4237 699 4300; x_wconf 88' lang='lat' dir='ltr'><strong>ln</strong></span> <span class='ocrx_word' id='word_1_312' title='bbox 713 4246 938 4312; x_wconf 73' lang='lat' dir='ltr'><strong>noeessumem,</strong></span> 
     </span>
    </p>
   </div>
   <div class='ocr_carea' id='block_1_6' title="bbox 0 0 1438 4864">
    <p class='ocr_par' dir='ltr' id='par_1_7' title="bbox 0 0 1438 4864">
     <span class='ocr_line' id='line_1_48' title="bbox 0 0 1438 4864; baseline 0 0"><span class='ocrx_word' id='word_1_313' title='bbox 0 0 1438 4864; x_wconf 95' lang='lat' dir='ltr'><strong> </strong></span> 
     </span>
    </p>
   </div>
  </div>
 </body>
</html>
