2862 4864
232 213 295 276 ³56
611 196 968 266 uufflpluls:

233 397 304 446 ren.
319 371 413 440 Adde
426 371 520 436 etiam
538 369 615 436 mihi
627 371 760 438 comites
773 370 814 437 de
830 371 892 438 tuia
906 367 1102 436 satellitibus.
1146 387 1204 434 ru.
1228 365 1287 434 Hi
1302 381 1339 434 te

405 457 650 522 comitabuntur.
1028 469 1029 472 ’

235 547 364 616 remEt
378 546 468 609 mitte
481 543 599 609 civitati
615 544 736 630 aliquos
757 543 812 630 qui
834 543 880 607 illi
902 541 1090 631 significent.
1134 560 1195 606 ru.
1219 539 1340 617 Quas-

236 739 309 784 1ru.
323 717 371 784 Ut
385 627 656 781 orhhldardiaireant
669 716 765 782 domi.
798 736 859 780 ru.
882 712 934 779 Ne
947 726 1117 780 occurrant
1130 709 1342 778 homicidio?

237 825 311 871 ren.
323 802 409 868 Haeo
422 803 507 868 enim
523 816 598 867 sunt
610 802 832 867 abominanda.
874 821 931 866 re.
954 801 1105 876 vadem,
1121 799 1345 866 et'edicito—

173 885 179 898 ’
236 911 309 957 nur.
322 888 372 955 Ne
387 889 456 980 quis
471 889 503 952 in
519 902 721 973 conspectum
732 887 870 952 accedat.
899 908 958 952 ru.
976 887 1074 952 Recte
1085 907 1177 952 curae
1187 886 1327 952 urbem·

238 997 311 1043 rra.
326 976 368 1042 Et
396 975 573 1076 amicorum
603 974 719 1060 nullus,
737 975 908 1060 precipue.
951 993 1010 1039 ru.
1041 973 1095 1038 Tu
1123 972 1165 1038 de
1188 993 1244 1074 me
1272 973 1344 1038 hoe

240 1148 379 1214 ranu
403 1061 633 1213 deliomthianena
657 1145 710 1212 hic
733 1159 806 1212 ante
828 1143 994 1231 templum,
1013 1144 1107 1210 Deae.
1150 1159 1216 1210 rui
1237 1144 1345 1222 Quid

407 1232 542 1300 lacum
1248 1239 1346 1300 1180

240 1340 314 1387 ren.
325 1317 431 1384 Tadu
442 1319 595 1405 templum
611 1318 719 1384 lustra.
760 1339 819 1382 ru.
844 1316 965 1382 Purum
979 1333 1016 1383 ut
1029 1315 1161 1382 redeas?

241 1405 410 1472 numum
439 1419 543 1470 autem
572 1405 774 1493 egredientur
802 1401 983 1489 hospites-
1039 1424 1098 1468 ru.
1135 1401 1226 1480 Quid
1263 1415 1347 1470 tanc

411 1504 538 1578 oportet
552 1513 603 1556 me
615 1489 743 1556 facere?

241 1576 583 1729 rumTegecrgdlocploe
610 1577 727 1664 peplo„
757 1597 818 1644 ru.
851 1576 901 1641 Ne
928 1575 1116 1642 contraham
1143 1577 1346 1664 contagium

240 1771 313 1818 reu.
324 1749 359 1816 Si
380 1762 486 1852 autem
494 1687 616 1852 siidem
636 1750 756 1853 diutina
777 1747 966 1816 cunctari-'-
1008 1769 1068 1812 rn.
1090 1747 1216 1814 Modus
1239 1747 1350 1836 hujoa

211 1945 228 1987 ·.
246 1943 318 1989 ren.
327 1835 776 1990 Nihilhliiiliisimriilhlieoe
789 1943 878 1987 socru
892 1941 950 2006 per
963 1919 1064 1985 otium
1079 1933 1164 2022 recte
1177 1943 1319 2006 perage.

243 2029 316 2076 reu.
329 2009 464 2075 Utinam
485 2023 590 2110 autem
611 2009 682 2074 hoeo
703 2008 842 2095 expiatio
861 2007 964 2086 cadat,
988 2020 1025 2072 ut
1044 2006 1158 2094 cuprol
1203 2027 1271 2076 ru.
1300 2007 1351 2076 Et

244 2095 740 2332 1rn.Hosl1¹l-ip¹ii÷idelileo
754 2203 795 2246 ex
811 2180 933 2245 edibus
947 2179 1054 2268 egredi

331 2266 375 2333 Et
388 2277 533 2332 ornatum
571 2291 617 2332 eoe
632 2279 663 2332 et
677 2290 775 2352 agnos
789 2267 929 2347 tenellos,
942 2281 980 2331 ut
993 2265 1082 2332 caede
1095 2263 1214 2332 oedem

329 2352 444 2418 Eluum
459 2354 713 2436 abominandam,
729 2367 760 2419 et
773 2352 930 2442 fulgorem
944 2353 1144 2420 lucernarum
1156 2365 1187 2418 et
1198 2353 1351 2443 reliqm,

331 2523 404 2614 Ego
417 2461 572 2627 biooeposui
586 2527 626 2592 ad
642 2527 894 2613 purificationem
907 2525 1068 2611 hospitum
1091 2539 1123 2592 et
1142 2525 1215 2592 deoe
1237 2530 1354 2612 perti·

331 2627 553 2765 Edicdhlhtldln
570 2699 690 2765 civibus
707 2714 742 2765 ut
756 2699 795 2764 ab
807 2699 868 2763 hoc
883 2698 1007 2784 piaculo
1020 2698 1132 2784 procul
1148 2623 1352 2780 ebaistdritffo

332 2785 367 2851 Si
389 2786 460 2872 quis
481 2799 538 2852 aut
560 2786 669 2872 templi
691 2799 795 2852 custos
822 2784 920 2850 habet
943 2807 1055 2852 manua
1078 2806 1174 2871 purae
1198 2785 1352 2856 deorum

330 2957 400 3022 Aut
413 2895 729 3024 lldli’contmctums
744 2958 880 3043 nuptiae,
895 2970 950 3023 aut
963 2979 1036 3046 quae
1051 2971 1145 3042 partu
1159 2973 1339 3046 gravator,

332 3043 380 3108 Fu
404 3043 455 3122 ite,
471 3044 618 3126 recedite,
634 3067 674 3109 ne
688 3046 739 3110 cui
755 3044 815 3108 hoc
829 3044 989 3129 piaculum
1004 3043 1135 3109 accidat.

331 3127 364 3192 Ο
378 3067 466 3194 loric
480 3146 513 3196 et
528 3131 662 3196 Latonae
677 3131 742 3196 filia
757 3131 883 3217 Regina
896 3133 997 3219 virgo,
1013 3133 1038 3195 ai
1053 3130 1185 3195 abluero
1197 3131 1336 3200 cadem

332 3213 459 3282 Horum
489 3231 521 3284 et
543 3217 769 3296 sacrificarem,
794 3218 849 3282 ubi
877 3229 1012 3304 oportet,
1038 3216 1196 3282 habitabis
1223 3237 1353 3304 puram

332 3389 377 3458 Et
389 3303 579 3455 ndsohlildirs
593 3390 687 3456 beati.
734 3389 869 3477 Reliqua
890 3411 966 3455 vero
979 3389 1122 3476 quamvis
1136 3409 1202 3454 non
1218 3391 1354 3476 dicam,

167 3604 172 3614 ·
331 3563 404 3630 Diis
418 3491 579 3664 hhniprlura
593 3575 721 3638 norunt,
736 3574 768 3627 et
782 3561 840 3626 tibi
854 3561 1008 3648 significo,
1025 3561 1153 3628 ODeo.

244 3669 321 3715 ono.
334 3649 503 3715 Praestantr
516 3648 623 3714 rmlole
637 3659 681 3714 ert
697 3647 831 3713 Latonre
846 3647 961 3733 ppolea,
1178 3651 1355 3738 (acupha.)

332 3735 437 3814 Quem
453 3735 529 3800 olim
545 3734 686 3800 Deliacae
701 3745 789 3799 terrae
802 3735 835 3798 in
850 3733 1005 3800 fertilibus
1256 3745 1355 3810 1200

331 3821 476 3888 Vallibua
487 3831 648 3910 poriquum
656 3822 834 3904 peperisset,
847 3843 951 3903 nunpe
964 3819 1162 3886 auricomum

332 3908 488 3974 Phoebum
503 3906 633 3974 citharae
648 3907 795 3992 peritum,
810 3920 842 3972 et
858 3907 1007 3986 numm,
1022 3927 1094 3994 quoe
1111 3919 1246 3994 propter

331 3995 499 4060 laculandi
514 3993 658 4080 peritiam
672 3992 839 4058 exultat-

333 4080 406 4166 Age
418 4081 490 4146 illoc
502 4103 523 4146 a
536 4079 665 4168 scopulo
679 4079 814 4156 marino,

300 4231 316 4250 ,
334 4164 502 4252 Puerpurii
516 4166 619 4233 locum
635 4165 789 4253 inclytum
803 4165 993 4254 relinquent,
