2852 4862
485 235 513 300 B
526 239 554 302 t
567 237 595 302 C
609 237 637 302 C
652 235 687 302 H
701 237 754 302 AE.

158 409 243 486 Quis
257 431 329 474 enm
343 407 477 496 genuit?

158 493 232 560 Non
248 495 331 560 enim
347 517 388 560 ex
402 497 557 584 sanguine
572 498 716 563 muliebri
732 510 901 564 natusest:

158 581 223 646 Sed
238 579 382 668 proiecto
395 582 505 647 leaenoe
519 583 662 670 alicujus,
678 599 733 650 eut
747 585 937 672 Gorgonum

159 665 355 754 Lybicsrum
370 681 414 734 est
428 689 538 756 genus.

157 751 273 817 Veniat
287 753 413 819 Jurtitin
427 755 600 832 manifesta,
617 757 721 821 reniet
734 754 969 836 ensem-ferens,
1095 763 1160 822 960

158 837 356 904 interficiens
370 841 496 924 penitus
510 863 567 927 per
580 855 690 929 guttur

158 923 310 1024 impium.
325 928 520 1004 sceleratum,
536 927 685 1014 injustum
705 928 855 994 Echionis

158 1009 275 1076 Filium
292 1013 456 1076 Pentheum
471 1014 677 1100 terrigenam:

157 1095 226 1174 Qui
241 1096 350 1184 iniqua
365 1111 470 1164 mente
483 1115 516 1164 et
531 1100 644 1186 injusta
657 1101 706 1165 ira
1065 1099 1157 1182 (ant.)

156 1183 252 1248 Circa
267 1201 330 1260 tua,
346 1186 499 1269 Dionyse,
514 1189 613 1274 orgia,
629 1199 659 1251 et
675 1199 739 1250 tuae
755 1185 863 1250 matris

159 1267 292 1334 Furiosa
308 1283 412 1334 mente

155 1353 201 1418 Et
214 1353 316 1418 deliro
330 1357 441 1440 spiritu
457 1357 676 1443 proficiscitur,

156 1437 315 1506 Invictum
331 1463 439 1506 mamert
454 1457 490 1510 ut
504 1459 707 1528 superaturus
720 1446 785 1509 nris
798 1443 927 1508 viribus.

156 1525 304 1591 Mentem
319 1527 490 1594 modestam
507 1530 691 1616 incorrupta
706 1529 782 1594 nihii
799 1529 922 1616 fingens

156 1611 200 1676 Et
214 1613 248 1676 in
263 1615 356 1678 rebus
370 1613 484 1680 divinis
498 1614 579 1680 iacta
594 1635 640 1680 est
1092 1622 1157 1678 960

156 1697 199 1762 Et
214 1699 247 1762 iu
262 1697 408 1764 humanis
422 1702 461 1766 ad
478 1702 680 1766 indolentiam
696 1703 771 1766 vita.

155 1783 350 1870 Sapientiam
367 1807 430 1850 non
447 1809 519 1852 amo
533 1809 605 1854 cum
621 1788 728 1852 labore
741 1809 835 1851 vena·

153 1871 192 1949 ri,
208 1869 264 1936 aad
278 1869 332 1936 iiia
347 1872 407 1936 alia
422 1894 537 1962 magna
550 1889 582 1938 et
598 1873 731 1938 iiiustrie
744 1895 868 1956 semper

153 1955 208 2022 Ad
223 1955 357 2022 bonesta
371 1959 464 2022 vitem

154 2042 298 2108 Interdiu
313 2056 473 2132 noctuque
489 2059 571 2110 reete
585 2047 771 2133 dirigentem
786 2045 838 2130 pie
850 2064 961 2131 agere:

155 2129 254 2194 Ritus
267 2151 341 2194 vero
355 2131 487 2216 injustos
497 2131 600 2216 rejici·

153 2227 258 2280 entem
273 2217 414 2280 venerari
431 2217 527 2282 Deos.

153 2299 271 2366 Veniat
283 2301 413 2368 Justitie
427 2303 599 2380 manifesta,
616 2302 719 2368 veniat
733 2301 956 2368 ensem-serens

154 2385 359 2452 interfectura
374 2390 498 2474 penitus
512 2411 569 2473 per
582 2403 693 2476 guttur

154 2473 304 2558 Impium,
316 2473 512 2552 sceleratum,
525 2477 687 2560 injustum,
705 2473 856 2540 Echionis
1091 2481 1155 2542 970

156 2559 271 2626 Filium
288 2561 490 2648 terrigenam.

153 2648 280 2732 Appare
334 2661 453 2723 taurus,
507 2661 561 2711 aut
613 2641 1113 2732 multis-capitibus·formidabilis

153 2745 459 2884 Dracirsirircttrirdens
999 2731 1111 2812 (epod.)

153 2903 231 2970 Vitu
245 2903 306 2970 ico.

155 2989 228 3068 Eas,
244 2989 278 3054 0
295 2991 430 3070 Beccbe,
448 2993 645 3057 Baccharum
660 2991 852 3076 persecutori

154 3074 291 3142 Ridente
306 3077 393 3143 vultu
408 3079 559 3144 circunda
573 3079 720 3164 laqueum
736 3077 768 3140 in
783 3077 874 3140 exiti·

152 3161 232 3226 alem
247 3163 373 3228 turbem
391 3163 577 3230 Maeuedum
594 3163 753 3228 incidenti.

72 3247 185 3314 nuno
199 3249 325 3328 domus,
341 3273 413 3350 quae
451 3251 586 3316 nondam
602 3249 736 3314 florebas
750 3250 783 3313 in
799 3247 938 3324 Graecia,

153 3333 275 3400 Sidonii
287 3357 370 3400 senta
386 3337 414 3401 C
459 3337 513 3416 mi,
528 3337 583 3422 qui
598 3337 787 3420 terrigenam

153 3419 310 3486 Draconis
325 3445 454 3488 messem
470 3423 680 3506 serpentinam
696 3421 860 3486 seminarit
873 3419 905 3482 in
923 3431 1015 3495 terra,
1089 3425 1153 3482 990

155 3505 199 3574 Ut
213 3523 246 3574 te
260 3507 405 3594 deploro,
421 3531 527 3574 servus
542 3507 668 3594 quidem
685 3509 830 3581 existens,
847 3503 902 3570 sed
917 3518 1022 3568 tamen

153 3591 250 3658 Bonis
264 3595 362 3658 servis
377 3595 539 3660 calamitas
554 3606 598 3658 est
612 3597 740 3658 adversa
746 3589 879 3674 fortune
893 3589 1108 3654 dominorum.

69 3697 145 3742 cao.
152 3677 312 3756 Quidnam
328 3679 400 3746 eat?
421 3703 460 3746 ex
478 3679 612 3746 Bacchis
627 3679 704 3768 quid
719 3679 791 3742 nori
807 3675 961 3742 nuncies?

71 3763 313 3831 sinemurus
328 3767 411 3832 fliius
424 3766 522 3852 petris
539 3766 690 3832 Echionis
705 3765 807 3850 periit.

69 3849 184 3916 cao-O
198 3875 254 3918 rex
271 3853 416 3918 Bromie:
439 3853 554 3919 etenim
571 3875 704 4002 mepnus
717 3849 907 3934 conspiceris
920 3845 1008 3914 deus.

70 3937 242 4014 surr-Quid
257 3941 329 4004 sis?
353 3961 409 4004 cur
423 3938 485 4004 boc
498 3939 606 4004 dixisti
652 3960 693 4002 an
708 3939 750 4002 ob
765 3957 851 4000 meos

152 4023 309 4090 Dominus
324 4027 464 4126 qfflr'ctoc,
480 4025 606 4101 laetaris,
622 4022 758 4088 mulier?

69 4127 143 4172 tuo.
151 4111 224 4196 ego
237 4133 404 4199 peregrine
417 4111 542 4178 celebro
558 4113 709 4176 Bacchum
724 4107 896 4173 barbaricis
909 4105 1120 4174 carminibus:

152 4195 224 4260 Non
239 4202 323 4264 eninr
338 4199 474 4284 amplius
490 4197 687 4262 vinculorum
703 4211 788 4260 metu
803 4192 935 4278 trepido.

69 4283 280 4350 sva.Adeone
295 4285 393 4372 igitur
408 4285 537 4352 Thebas
552 4285 681 4370 ignavas
697 4305 763 4346 esse
776 4297 868 4366 putas
884 4285 902 4326 ⁸
920 4283 937 4318 ’
956 4283 972 4318 ’
1087 4283 1152 4344 990

594 4369 655 4436 tiit
