2798 4862
525 172 527 182 ’
635 205 941 279 sumemus

334 403 391 456 tuo
401 390 566 454 misernms
589 387 622 451 in
638 407 745 452 necea-

334 477 425 541 sitate
440 475 524 539 enim
538 496 603 538 non
617 473 743 539 laborat
758 473 901 574 quicum
917 495 955 538 ea
970 473 1114 539 nutritus
1127 489 1186 540 est.

336 562 549 628 Mutationem
564 561 683 646 patitur
698 559 846 624 felicitas:

340 649 416 714 Post
430 650 514 712 enim
530 667 580 711 res
595 647 749 711 secundas
763 645 973 712 infortunium

337 735 443 800 Vitam
458 733 570 798 duram
585 731 660 798 facit
674 731 863 797 hominibus.
1266 743 1335 802 11190

339 822 489 898 Teucro,
506 819 538 886 Ο
554 819 706 897 Domina,
724 819 845 905 Argiva
1218 825 1285 906 (atr.
1300 824 1336 900 1.)

309 959 311 964 .
340 907 437 971 Navis
452 905 880 994 quinquaginta-remissas
893 905 986 971 vehet
998 904 1152 970 domurn:
1289 921 1293 928 '

342 991 521 1058 Modolana
535 1013 607 1056 raro
618 1005 872 1076 cera-compacta

342 1079 463 1146 Fistula
477 1079 621 1143 montani
638 1078 734 1143 Panis

341 1165 574 1231 Adhortabitur
588 1185 667 1229 sono
681 1185 794 1241 remos,

342 1251 387 1316 Et
399 1251 537 1317 Phaebus
551 1265 648 1328 vates,
664 1251 749 1315 ciens

343 1338 516 1422 Strepitum
530 1336 923 1421 septem-fidibuseanoroe
938 1336 1024 1422 lyras,

343 1424 469 1488 Canens
483 1422 578 1488 ducet
592 1437 623 1488 te
636 1423 827 1508 locupletem

344 1510 584 1574 Atheniensium
600 1511 748 1596 usquein
763 1523 892 1575 terram.

346 1594 404 1661 Me
418 1617 493 1659 vero
507 1596 559 1658 hie
574 1595 646 1660 reli·

345 1695 409 1760 cta,
426 1681 533 1746 fereris
547 1683 590 1744 im
615 1681 732 1746 etuosis
748 1683 860 1746 remis:
1028 1727 1031 1734 ι

344 1769 453 1834 Ventis
467 1781 571 1834 sutem
587 1705 688 1834 laiusta
701 1768 851 1833 rudentes
864 1767 905 1832 ad
919 1787 1000 1852 pup-

343 1857 410 2005 inm
425 1868 457 1921 et
471 1876 564 1939 super
578 1869 717 1920 rostrum
733 1855 905 1920 extendent
918 1853 1049 1919 carbasa

379 1941 443 2005 avis
458 1941 730 2006 celeriter-euntis.
1392 2007 1393 2010 ,

347 2027 479 2092 Utinam
493 2027 632 2092 venirem
647 2029 679 2091 in
692 2025 894 2110 splendidum
908 2025 1038 2104 circum
1219 2025 1334 2112 (ama)
1392 2039 1393 2070 1

346 2112 422 2189 Qua
435 2112 510 2177 solis
524 2113 637 2178 ardens
652 2114 733 2201 ignis
747 2114 806 2179 iter
819 2111 909 2178 lacit:

347 2199 451 2284 Super
464 2215 570 2264 autam
585 2198 772 2265 domesticos
786 2197 942 2264 thalamos

347 2284 425 2349 Alos
439 2307 532 2371 super
547 2299 635 2376 terga
649 2309 719 2350 men

346 2372 533 2436 Desinerem
547 2372 687 2460 agitare!
1127 2419 1131 2426 -

348 2456 392 2521 Et
405 2469 520 2522 starem
536 2459 568 2523 in
582 2458 697 2536 choris,
712 2457 767 2523 ubi
781 2458 877 2522 etiam
1269 2463 1335 2522 llll

348 2543 450 2632 Virgo
464 2543 588 2608 laudem
603 2545 719 2630 adepta
734 2566 802 2609 sum
818 2545 851 2608 iu
866 2541 945 2608 festo
956 2543 1102 2629 nuptiali,

275 2693 279 2702 ,
351 2630 403 2694 Ad
418 2630 529 2716 pedem
546 2630 652 2696 charae
665 2631 794 2697 flectens

350 2715 467 2781 Matris
481 2717 650 2805 aequalium
665 2719 793 2794 thiasos,

351 2803 464 2868 Crines
479 2804 519 2869 ad
533 2804 628 2869 molle
642 2805 891 2890 opulentumque

352 2889 522 2954 Certamen
538 2891 710 2969 concitans,
726 2891 901 2974 variegatas
915 2903 979 2954 sto·

284 3022 287 3034 .
350 2974 396 3039 las
412 2989 444 3042 et
458 2977 620 3042 cincinnos
635 2975 889 3043 circumfundens

352 3061 453 3126 Genis
468 3062 671 3129 adumbravi!

265 3165 324 3209 usa.
355 3145 493 3212 Ubinam
507 3163 554 3216 est
568 3163 672 3214 custus
686 3148 799 3214 harum
814 3149 942 3226 aedium,
957 3145 1073 3212 mulier

352 3231 492 3300 Graeca?
513 3258 552 3300 nn
569 3258 644 3302 vero
659 3237 819 3322 hospitum
833 3235 954 3300 caedem
968 3235 1132 3320 auspicata
1146 3235 1217 3302 ern?

353 3316 440 3384 Num
456 3321 488 3386 in
504 3323 597 3388 castis
612 3324 714 3409 adytis
729 3343 864 3408 corpora
877 3321 991 3386 ardent
1003 3321 1096 3408 igni?

267 3425 346 3469 cuo.
358 3407 440 3471 Haec
454 3421 510 3484 est,
526 3431 600 3496 quae
612 3410 681 3486 tibi,
701 3411 782 3486 Rex,
799 3423 914 3473 cuncta
927 3407 1010 3472 clare
1023 3407 1119 3474 dicet.

265 3511 324 3556 aa.
351 3492 434 3578 (Ah)
449 3516 507 3559 cur
521 3494 603 3560 hanc
618 3495 767 3560 transfers
781 3517 820 3560 ex
836 3515 899 3559 non
916 3492 1080 3558 movendis
1094 3495 1231 3572 sedibus,

355 3581 606 3669 Agamemnonis
621 3581 696 3659 filia,
710 3582 790 3649 Deae
804 3595 940 3647 statuam
957 3579 1121 3646 brachiis?

268 3683 341 3729 reu.
353 3666 386 3731 O
402 3689 469 3745 rex,
485 3669 529 3732 ibi
544 3669 617 3734 siste
632 3680 719 3733 tuum
734 3667 846 3754 pedem
862 3669 895 3731 in
914 3667 1054 3732 Portica.
1389 3677 1390 3738 1

267 3770 325 3814 nn.
352 3751 441 3828 Quid
456 3775 532 3818 vero
545 3755 619 3819 novi
634 3771 692 3830 est,
709 3755 886 3840 Iphigenia,
903 3756 935 3817 in
948 3751 1071 3819 domo?

267 3855 339 3900 reu.
353 3838 491 3925 Rejicio:
514 3841 660 3930 religiose
674 3842 757 3905 enim
775 3863 881 3905 vocem
897 3839 979 3905 hanc
989 3839 1059 3904 edo.

266 3941 325 3986 ru.
353 3923 444 4000 Quid
458 3928 537 3994 dicis
554 3927 713 4010 insolentis
727 3923 903 4013 prooemii?
923 3927 1071 4013 eloquere
1084 3925 1181 3992 clare.
1213 3973 1215 3980 ι

268 4027 338 4072 reu.
351 4009 427 4074 Non
445 4015 577 4080 mundus
592 4014 649 4078 haa
663 4012 790 4092 hostias,
809 4013 891 4090 Rex,
908 4013 987 4081 mihi
998 4014 1102 4078 renati
1117 4014 1198 4078 estis.

268 4113 327 4158 ru.
354 4095 443 4172 Quid
458 4099 564 4166 tehoc
578 4099 709 4166 docuit?
730 4113 784 4176 aut
799 4100 983 4184 opinionem
997 4098 1101 4164 dicis?
1388 4135 1389 4146 ,

270 4199 342 4246 uns.
358 4181 552 4251 Statuadeae
567 4211 586 4252 a
601 4186 746 4252 snasede
762 4186 1010 4252 retroserertit
1259 4175 1328 4238 11³⁰
1388 4161 1389 4244 l

267 4285 325 4332 ru.
353 4265 556 4351 Ultrone‚an
573 4275 749 4338 vertiteam
765 4287 860 4339 terrae
874 4269 1002 4338 moure?

1384 4645 1388 4830 l
