2824 4860
462 238 745 310 ORESTES.
1101 251 1143 314 08

153 409 242 478 Hei!
265 409 409 498 proditus
421 433 501 490 sum,
517 433 575 480 neo
588 411 722 500 amplius
736 422 902 499 suntspes,
1081 421 1140 484 711

151 495 230 576 Quo
242 517 410 563 conversus
423 497 570 588 effugiam
586 498 775 585 supplicium
790 501 1002 586 Argivorumr

149 585 213 650 late
226 583 311 650 enim
326 597 393 649 erat
406 584 485 648 mihi
498 583 654 672 relligium
668 584 787 652 salutis.
819 623 822 631 ‹

152 669 218 736 Sed
231 669 325 736 rideo
338 669 423 736 bunc
436 670 658 737 amicissimum
672 669 848 748 bominum,

150 755 313 843 Pyladem,
326 756 501 822 venientem
516 777 609 822 cursu
624 777 665 822 ex
679 757 906 835 Phoceusibus·

149 839 333 907 Jucuudum
347 841 577 928 spectaculum:
600 841 682 907 lidus
696 843 814 908 amicus
828 843 861 907 in
875 841 1013 908 adversis
1026 841 1120 908 rebus

148 925 329 992 Jucundior
341 941 391 992 eat
403 927 481 1008 visu,
497 949 590 1016 quum
607 927 710 994 nautis
723 927 941 1015 tranquillitas.

74 1029 141 1077 m.
153 1012 255 1078 Citius
269 1034 365 1099 quam
379 1035 431 1078 me
443 1014 619 1116 oportebat,
634 1013 785 1080 accedens
797 1014 868 1078 veni
881 1035 940 1100 per
954 1013 1076 1096 urbem,

149 1098 292 1164 Audiens
305 1100 432 1168 comitia
445 1101 586 1178 crvimtis,
601 1112 633 1165 st
647 1101 755 1165 eadem
769 1101 837 1186 ipse
851 1100 935 1165 cisse
948 1099 1068 1181 videns,

149 1183 313 1334 Adsefrsus
326 1196 404 1252 teet
417 1197 503 1252 tuam
518 1207 669 1264 sororem,
684 1197 834 1272 tanquam
853 1186 958 1251 statim
970 1188 1033 1251 aiut
1045 1187 1142 1252 iuter·

246 1272 356 1336 ecturi.
1077 1278 1141 1341 790

150 1354 240 1434 Quid
253 1355 337 1422 boe?
357 1357 518 1458 quomodo
529 1356 650 1422 habas?
670 1357 746 1444 quid
767 1357 847 1446 agis,
861 1356 1042 1424 charissime
1053 1375 1141 1424 mao-

85 1569 89 1576 -
150 1523 195 1593 Et
203 1443 659 1617 arirriolordaesiruetilidngirstoruml
679 1541 714 1594 tu
726 1529 810 1594 enim
821 1528 1013 1595 mibiesista
1023 1531 1140 1595 omnia.

71 1611 304 1694 osmParimus,
321 1627 357 1680 ut
369 1615 505 1681 breviter
517 1635 673 1700 exponam
687 1613 744 1680 tibi
760 1637 830 1680 mea
845 1615 935 1681 mala.

71 1699 253 1766 ssuSimul
272 1699 413 1804 lisuditus
427 1702 573 1767 everteris
593 1723 668 1766 nos:
691 1721 873 1766 communes
893 1713 966 1766 suut
986 1701 1070 1767 enim
1091 1723 1140 1767 res

233 1807 418 1852 amicorum.

71 1887 141 1935 osu.
149 1869 317 1938 Menelaus
329 1873 537 1960 nequissimus
550 1873 645 1939 estin
660 1885 755 1938 meet
769 1893 870 1937 meam
884 1894 1033 1938 sororem.

71 1973 139 2019 m.
149 1955 384 2024 convenienter
394 1980 430 2024 se
442 1957 546 2040 babet,
556 1958 658 2024 sirum
674 1961 765 2024 male
776 1957 914 2024 mulieris
927 1958 995 2025 lieri
1009 1955 1138 2024 malum.

72 2060 142 2106 oss.
153 2042 291 2113 Perinde
303 2043 381 2109 mihi
395 2044 522 2130 proluit,
538 2067 575 2110 so
589 2045 614 2110 ai
629 2065 693 2108 uon
707 2047 847 2110 venisset.

72 2129 679 2196 mduveraveuitiuhancterrsm?
838 2133 841 2146 '

73 2213 260 2281 ouu'l'srde
272 2219 375 2316 verrit.-
396 2229 534 2284 attamen
556 2216 715 2282 celerrime
731 2215 944 2302 deprehensus
964 2212 1140 2281 ertinfidua

232 2323 351 2368 amicus.
383 2365 388 2373 ,
836 2327 842 2348 ·

72 2403 138 2450 m.
148 2384 191 2452 Et
204 2388 290 2454 venit
303 2385 463 2453 adducens
478 2388 550 2454 navi
564 2386 729 2490 pessimam
744 2385 931 2538 corgugem'?
1076 2393 1139 2456 780

71 2489 140 2535 oar.
150 2473 224 2538 Non
238 2472 324 2538 illam
340 2473 395 2538 ille
401 2497 411 2550 ς
433 2473 487 2538 sed
502 2473 554 2540 illa
568 2473 658 2538 illum
671 2471 735 2536 buc
747 2472 788 2538 ad
813 2474 889 2538 uxit.

71 2575 140 2622 m.
150 2557 215 2624 Ubi
236 2573 285 2624 est
302 2560 426 2638 mrdier,
446 2582 517 2647 qum
536 2581 600 2626 uus
615 2557 754 2645 perdidit
774 2559 927 2643 plurimos
941 2556 1023 2622 lilios
1042 2557 1138 2646 Argi-

230 2645 370 2710 vorum?

72 2747 140 2794 oss.
150 2729 188 2796 ln
201 2731 280 2796 maia
293 2731 426 2808 aedibus,
440 2732 467 2796 si
480 2731 553 2797 lioat
566 2733 640 2796 istas
653 2751 766 2795 vocure
778 2751 874 2796 mess.

71 2831 137 2878 m.
148 2815 236 2892 Quid
249 2817 358 2883 dixisti
373 2830 408 2882 tu
423 2817 469 2882 tui
482 2817 581 2903 patris
593 2814 706 2882 fratri?

72 2918 143 2966 oss.
152 2901 201 2967 Na
214 2916 367 2986 cerneret,
382 2905 404 2968 i.
414 2925 443 2968 e.
453 2913 610 2987 poteretur
624 2917 719 2972 meet
739 2923 878 2968 sororem
899 2899 1034 2966 interfici
1054 2921 1075 2966 s
1092 2899 1136 2965 oi·

231 2989 332 3054 sibus.
739 3032 742 3043 ·

71 3089 138 3138 m.
149 3073 212 3140 Per
224 3074 310 3154 deos,
326 3074 401 3162 quid
416 3075 458 3140 ad
470 3074 540 3140 brea
554 3073 660 3140 dixit?
679 3075 774 3160 cupio
787 3075 871 3140 enim
882 3072 971 3138 scire.

70 3175 142 3226 oss.
150 3161 250 3228 Caute
262 3183 296 3226 se
308 3163 413 3249 gessit,
429 3173 465 3227 ut
478 3161 586 3226 amieis
598 3161 701 3226 faeere
715 3161 816 3227 solent
829 3159 919 3225 inlidi
933 3157 1037 3223 amici.

70 3261 134 3309 m.
146 3246 197 3312 Ad
207 3247 333 3398 qflalem
346 3248 576 3314 excusationem
590 3246 760 3313 accedeus?
783 3245 867 3312 Hes
880 3245 1019 3322 edoctus,
1030 3243 1137 3309 omnia

70 3433 139 3481 oua
148 3417 203 3484 llle
216 3431 307 3504 pater
320 3421 405 3484 venit
440 3419 472 3484 ui
486 3419 620 3505 optimas
656 3420 735 3508 'gnis
747 3419 838 3484 filias.

69 3517 136 3568 ru.
145 3502 334 3592 Tyndarum
348 3506 427 3572 dicis
470 3505 599 3572 sortasse
612 3441 671 3571 dii
684 3519 814 3593 propter
823 3503 920 3569 liliam
936 3503 1045 3567 iratus.
1073 3509 1137 3578 7⁴⁰

68 3607 139 3654 oss.
149 3589 317 3680 intelligis:
340 3591 432 3678 hujus
445 3593 626 3658 affinitatem
641 3594 740 3677 magis
753 3592 847 3678 elegit
861 3609 954 3676 quam
969 3587 1078 3672 patris.

68 3691 134 3739 m.
147 3675 219 3742 Non
233 3691 281 3742 est
294 3699 387 3743 ausus
400 3677 561 3743 laboribus
576 3679 638 3744 tuis
651 3678 800 3763 opitulari
814 3671 974 3762 praesens?

68 3761 221 3828 orm.Non
234 3765 319 3830 enim
333 3777 381 3829 est
393 3763 534 3846 bellator,
548 3763 602 3830 aed
616 3765 856 3830 intermulieres
870 3775 1025 3827 strenuus.

67 3863 134 3912 rur.
145 3847 189 3914 Es
200 3871 277 3939 ergo
291 3852 325 3916 in
341 3851 485 3916 maximis
500 3850 598 3929 malis,
614 3863 646 3916 et
658 3871 782 3917 neeesse
795 3863 842 3916 est
854 3861 886 3913 te
900 3846 990 3912 mori.
1087 3893 1089 3898 ,

67 3949 140 3998 οη.
145 3933 301 4024 Sodi-agis
315 3936 356 4002 de
368 3937 459 4002 nobis
472 3939 555 4002 cives
569 3937 610 4002 ad
623 3937 827 4004 homicidium
841 3932 923 3999 farre
936 3941 1071 4018 oportet.

67 4034 134 4084 m.
146 4019 229 4098 Quae
243 4043 413 4110 quamnam
425 4045 491 4088 rem
506 4020 666 4089 statuent?
686 4025 754 4090 dic:
777 4043 847 4089 sum
863 4019 993 4085 enimin
1008 4029 1104 4082 metu.

65 4123 136 4171 oss.
146 4105 195 4174 Ut
213 4121 270 4174 aut
289 4101 475 4191 moriamur,
488 4124 543 4184 sut
558 4110 678 4178 sivamr
705 4131 769 4176 nou
790 4119 837 4173 est
857 4106 954 4196 longa
972 4103 1075 4172 oratio
1094 4101 1135 4169 de

228 4198 324 4261 rebus
337 4196 494 4264 maximis.
1148 4201 1151 4209 '

65 4293 132 4344 m..
142 4277 233 4372 Fuge
245 4280 426 4372 relinqteus
439 4282 568 4350 domum
583 4303 656 4347 rum
670 4301 777 4347 sorore
792 4289 855 4346 tua.

572 4387 592 4434 E
608 4378 626 4434 3
