2862 4864
458 212 788 284 SUPPLICES.

94 387 257 456 aethicus
270 387 357 454 euim
372 387 508 476 pristino
521 389 622 474 periet
645 387 785 456 vindicta

165 475 345 542 Vindictam
361 476 506 540 evocavit
519 491 550 540 et
565 475 668 542 caedes

27 595 28 604 ยน
165 561 305 639 fflem,
321 561 478 626 malorum
495 574 598 626 eutem
614 563 835 648 respirationes

165 647 219 714 Dii
233 647 419 714 homiuibus
433 648 639 727 distribuunt,

166 734 227 820 lpsi
241 735 386 800 omnium
401 735 507 800 exitus
521 756 618 820 penes
632 757 664 798 se
679 733 842 800 hebentes.

96 821 338 898 aa.l.Quomodo
363 821 521 886 veniemus
545 822 577 886 in
600 820 741 908 pulchris
764 819 903 886 turribus
925 819 1063 910 insignes
1085 839 1170 886 cam-

167 929 393 1081 llelinllpnrllntes
408 993 489 1058 Deae
506 993 621 1058 Cereris
633 1011 749 1080 aquam
766 993 989 1059 caueam!
1040 909 1170 1059 (melli

97 1089 165 1146 stt.
171 1079 295 1145 hiatum
309 1083 380 1144 tesi
426 1079 452 1144 is
466 1080 610 1145 Deorum
626 1079 743 1155 iecerit,

97 1187 157 1230 cuo.
166 1165 212 1232 Ut
225 1167 349 1232 venium
365 1187 383 1230 a
421 1165 530 1230 urbem
545 1167 679 1232 cinctum
693 1165 820 1231 duobus
832 1163 954 1230 fluviis!

98 1253 300 1319 anlNorerit
316 1253 425 1338 utique
439 1252 626 1334 amicorum,

168 1339 302 1404 Noveris
316 1359 418 1418 maus,

99 1425 419 1578 tatfflrpors,
434 1425 558 1512 quodve
572 1425 685 1492 Fatum

305 1535 327 1576 o
357 1533 408 1576 em

168 1599 285 1686 Regem
300 1595 395 1684 hujus
409 1595 530 1662 terrae'l

100 1685 354 1751 tal-lurocsmus
369 1705 478 1750 rursus
493 1683 689 1750 Dementes
704 1685 882 1749 invocatos:
1032 1689 1108 1766 (unt.
1124 1685 1170 1765 2.)

169 1770 252 1836 Huc
266 1772 372 1856 prima
385 1771 503 1856 quippe
516 1783 617 1836 metus
631 1783 678 1835 est
694 1770 817 1835 fiducia.

100 1857 201 1924 sato
213 1857 351 1944 Jupiter,
367 1857 506 1942 antique
521 1859 630 1923 matris
643 1867 752 1922 aoabcr
1107 1865 1170 1924 680

171 1945 285 2010 Merite
299 1941 406 2008 vitulae
424 1942 532 2007 lnuchi
547 1943 554 2009 l

100 2030 248 2096 rutham
262 2029 430 2094 auxiliator
444 2031 514 2094 urbi

172 2117 258 2182 Huic
273 2115 438 2200 propitius.

101 2203 279 2270 ossuum
294 2203 402 2282 decus,
417 2214 449 2267 et
462 2199 580 2266 incolas
594 2225 613 2265 u
627 2213 658 2266 te
670 2203 859 2267 constitutos

173 2290 208 2356 ln
223 2291 304 2355 urbe
318 2302 479 2374 reportare
493 2286 605 2353 studeo

171 2375 371 2441 Contumelia
384 2373 514 2440 affectos
529 2373 570 2438 sd
584 2393 708 2461 rogum.

103 2463 334 2538 rushlulieres,
349 2462 441 2528 venio
454 2459 573 2526 habena
587 2460 688 2525 mults
701 2461 795 2540 bone,
811 2483 883 2548 quoe
898 2461 1057 2538 nunnioni,

174 2549 214 2614 Et
228 2551 295 2635 ipse
309 2563 458 2624 servatus,
475 2555 599 2633 (captus
613 2547 698 2612 enim
711 2571 779 2612 sum
792 2549 823 2612 in
838 2570 958 2636 pugna,

173 2637 234 2700 Ubi
248 2635 364 2700 mortui
381 2649 497 2719 septem
512 2633 692 2699 cohortium
708 2635 803 2698 duces

176 2721 407 2806 pugnaverunt,
422 2722 461 2784 atl
477 2722 629 2786 fluentum
646 2721 822 2802 Diu-cuum)
1109 2725 1174 2785 640

175 2807 389 2872 Nunciaturua
403 2807 498 2872 ctiam
512 2807 675 2871 victorium
692 2807 826 2871 Thesei:
849 2819 882 2870 te
894 2825 970 2869 vero
984 2828 1003 2869 s
1017 2825 1162 2872 sermone

176 2897 284 2982 longo
297 2893 449 2960 liberabo.
481 2893 578 2958 Eram
593 2893 675 2956 enirn
691 2913 800 2958 sersus
815 2893 966 2978 Capanei,

175 2979 278 3058 Quem
293 2981 420 3066 Jupiter
432 2979 564 3044 fulmine
578 2979 678 3063 ignito
693 2979 873 3044 combussit.

104 3067 208 3132 cuno
221 3068 390 3145 minime,
404 3067 486 3132 bene
498 3065 625 3152 quidem
640 3067 771 3131 nuncies
784 3079 876 3130 tuum
890 3063 1029 3130 reditum

177 3153 216 3218 Et
229 3177 280 3218 res
295 3153 429 3218 Thesei:
452 3153 476 3218 si
492 3173 568 3218 vero
581 3153 675 3218 etiarn
690 3153 846 3218 exercitus

175 3239 415 3306 Atheniensium
430 3253 479 3304 est
494 3239 607 3316 sulvus,
623 3239 729 3304 omniu
744 3238 938 3302 nuntiaveris
952 3237 1046 3303 bons.

104 3325 299 3406 sensurus,
312 3339 343 3391 et
357 3347 422 3390 rem
437 3327 544 3412 gessit,
559 3327 639 3390 sicut
655 3327 809 3390 Adrastus
823 3323 933 3390 debuit

176 3413 297 3480 Genese
309 3433 381 3476 curn
397 3415 422 3476 A
465 3415 530 3488 nis,
545 3433 643 3498 quum
659 3413 701 3477 ab
716 3411 837 3476 Inacho

178 3499 290 3566 Ducis
303 3497 401 3584 copiis
413 3497 531 3564 belum
547 3498 654 3564 intulit
670 3499 883 3564 Cadmeorum
897 3497 979 3562 urbi.ยน

104 3605 168 3650 cuo.
177 3584 353 3664 Quomodo
366 3602 441 3652 tero
453 3585 541 3650 Jovis
554 3585 699 3670 tropboes
713 3585 798 3650 filius
813 3585 910 3672 AEgei
1112 3587 1176 3647 650

178 3671 361 3754 Constituit,
375 3683 408 3736 et
421 3671 559 3758 ejusdem
576 3671 647 3736 belli
662 3671 847 3738 consortes?

177 3759 255 3826 Dic:
270 3781 342 3825 cum
351 3759 435 3824 enlm
443 3756 590 3836 adfluens,
600 3758 789 3824 exhilarabis
796 3779 851 3824 eoa
859 3757 914 3844 qui
924 3773 988 3819 non
998 3747 1177 3818 edmerum

106 3845 291 3912 nunciatus
305 3843 431 3934 quidem
446 3845 553 3910 rudius
567 3844 650 3923 solis,
665 3866 779 3910 norma
793 3857 885 3920 rectu,

180 3931 323 3998 Feriebet
335 3947 470 3997 terram:
493 3931 533 3996 arl
550 3945 672 4017 portam
688 3953 763 3997 vero
779 3931 937 3996 Electrum

180 4021 257 4084 Steti
272 4031 436 4106 spectator,
452 4019 566 4083 turrim
583 4035 693 4084 nactus
708 4015 888 4104 prospectui
903 4011 1115 4079 commodam.

179 4103 280 4170 Video
294 4121 399 4169 autem
415 4117 477 4170 tres
490 4106 625 4192 populos
640 4107 735 4170 trium
752 4103 958 4178 exercituum,

180 4189 336 4276 Populum
375 4191 478 4256 uidem
489 4193 626 4278 graviter
636 4203 792 4258 nrmntum
805 4189 1032 4275 producentem
1043 4203 1181 4270 superne

180 4277 230 4342 ad
246 4279 346 4364 ripam
395 4279 488 4354 meni,
504 4291 540 4343 ut
555 4278 725 4360 icrebutur,
