2794 4862
362 235 811 310 ANDROMAGHE.
1069 257 1133 321 m

73 437 131 483 rrr..
142 415 168 481 0
179 413 457 480 istum'ecnecmrir
471 413 504 476 in
519 428 662 478 extrem
675 412 774 480 limite

142 499 233 578 Quele
242 521 295 565 me
308 497 459 564 miserum
473 499 709 566 circumdedisti

141 586 299 665 Quomodo
314 585 410 671 periit
417 585 501 651 ,mihi
514 585 628 650 unicos
643 586 827 652 filiuuunici
840 587 921 654 filii?

138 675 208 751 Dim
228 672 340 738 audire
352 673 438 736 enim
452 693 518 737 non
532 672 689 738 eudionde
702 686 807 737 tamen
822 677 928 760 cupio.
1047 684 1130 744 1060
1192 671 1199 678 ’

69 761 302 847 suerranum
316 760 460 824 vehimur
474 756 652 824 ariolorum
667 758 769 824 urium
788 757 917 840 Phoebi,

140 847 210 914 Trer
223 845 352 935 quidem
366 843 490 910 lucidos
505 845 655 910 transitus
669 843 743 910 eolis

139 932 316 1020 spectandis
330 931 424 995 rebus
438 930 548 996 deuter
563 930 762 1017 implevimus
776 931 895 998 oculos.

138 1021 175 1086 Et
187 1019 246 1084 hoc
254 1020 322 1105 jum
337 1028 405 1082 eret
419 1031 597 1102 spectrum:
619 1039 657 1082 rc
671 1017 713 1082 ed
727 1018 863 1084 circulor

137 1105 175 1171 Et
186 1120 288 1170 coeurr
300 1103 510 1168 concurrebat
523 1103 660 1188 populus
674 1103 820 1170 hubitant
834 1103 879 1168 ibi
895 1103 982 1190 opud
997 1105 1117 1172 Deum.

136 1190 375 1276 Agamemnonis
388 1210 465 1254 vero
478 1187 575 1268 filius,
589 1189 708 1255 redens
720 1211 778 1276 per
791 1189 916 1268 urbm,

134 1275 266 1366 Singulis
278 1276 313 1340 in
327 1296 435 1342 eurem
450 1273 578 1341 dicebat
591 1275 721 1342 hostiles
734 1297 913 1342 termnum

135 1363 209 1430 Vide
221 1365 328 1443 istum,
343 1363 398 1450 qui
412 1361 500 1427 redit
513 1383 571 1447 per
584 1362 648 1429 Dei

134 1451 247 1538 Specus
261 1449 372 1536 plenos
385 1450 466 1528 euri,
483 1445 648 1514 theocorus
662 1448 840 1529 homiuum,

134 1536 274 1638 Secundo
295 1535 528 1612 rdreuieutem,
542 1533 585 1600 ub
605 1533 740 1602 eundem
761 1557 889 1600 crucem
911 1535 954 1600 ob
976 1545 1072 1622 quum
1093 1547 1125 1601 et

131 1643 310 1810 Venii'hldz
325 1706 586 1808 rolenrerertere
600 1704 753 1790 templum
765 1706 934 1794 Apollinis.
1045 1629 1128 1691 ¹⁰⁷⁰

131 1795 217 1860 Hmc
232 1815 307 1860 vero
321 1806 461 1858 mouerit
474 1813 586 1858 rumor
598 1813 657 1876 per
670 1791 783 1857 urbem
797 1795 911 1871 melus,

129 1879 396 1971 Magistratusque
409 1877 684 1968 congregabuntur
697 1891 730 1942 et
743 1879 776 1942 in
791 1879 905 1957 curies,
976 1937 981 1948 ,

129 1967 171 2034 Et
184 1967 347 2053 privatim,
359 1965 542 2053 quicunque
554 1977 716 2050 preerunt
730 1963 885 2031 thesauris
900 1965 974 2042 nei,

129 2051 595 2206 Prnddrliinmqppuclpiiocrrunt
615 2050 650 2116 in
672 2049 742 2116 rede
764 2052 875 2116 Phoros·
894 2050 1052 2120 columnis
1068 2073 1127 2116 un-

319 2161 335 2204 ,
1202 2163 1207 2176 .

127 2225 195 2293 Nos
208 2159 383 2301 remees,
400 2223 560 2289 frondosus
575 2221 723 2287 Purnusri

125 2311 294 2391 Alumnrs,
307 2310 389 2376 nihil
403 2309 508 2378 rdhuc
521 2309 655 2374 scienter
668 2307 711 2374 de
723 2307 774 2374 his
786 2309 891 2388 rebor,

123 2400 367 2485 Acceperumue,
381 2412 414 2464 et
427 2394 616 2462 uoeeedmus
627 2393 668 2458 ed
683 2416 763 2474 eres,

123 2485 205 2550 Cum
222 2483 399 2570 hospitibus
412 2495 447 2550 et
457 2481 582 2548 retibus
647 2481 748 2547 thiris.
1019 2547 1023 2554 ,

123 2571 168 2637 Et
182 2570 298 2658 uliquis
312 2569 375 2636 hoc
387 2569 487 2636 diuite
510 2568 544 2633 0
557 2567 599 2633 ud
631 2589 751 2650 accur,
765 2567 842 2656 quid
858 2567 918 2632 tibi
1046 2577 1125 2635 1080

121 2660 151 2725 Α
166 2657 231 2723 deu
244 2654 413 2744 petemus?
433 2657 525 2742 cujus
538 2676 634 2720 muse
646 2655 760 2720 renisi

122 2745 189 2809 iste
203 2765 281 2809 vero
294 2743 398 2810 dixit:
421 2741 547 2808 Phoebo
561 2757 622 2826 pro
635 2739 743 2828 priore
755 2751 887 2825 peccato

122 2831 243 2896 Poener
256 2830 333 2897 dere
347 2829 510 2898 volumus:
533 2826 690 2914 pertuleri
703 2827 787 2892 enim

117 2920 174 2983 Ab
189 2917 262 3003 ipso
275 2915 445 3004 uliquendo
459 2915 599 2980 ntdoret
607 2935 725 3066 m„
763 2935 799 2977 ro
811 2912 1088 3001 mugtdneputris.
1148 2982 1152 3000 .

118 3003 165 3070 Et
180 3004 231 3068 ihi·
242 3004 366 3070 Orestis
379 3001 538 3069 cdummc
551 3021 606 3066 mu
702 3021 721 3062 v
752 3019 808 3064 ens

115 3091 297 3177 Apparuit,
311 3090 399 3177 quod
413 3087 599 3154 mentiretur
612 3109 701 3154 meus
715 3084 874 3164 dominre,

113 3177 265 3242 Veniens
278 3176 319 3242 de
333 3179 421 3262 turpi
434 3197 538 3240 muru
583 3173 681 3239 Venit
694 3183 800 3238 eutem
816 3170 927 3258 tempii

111 3264 214 3332 Intro
229 3262 434 3350 crepidinem,
450 3273 574 3327 utente
587 3259 750 3326 orecuium

109 3349 313 3416 Precsrctnr
339 3347 512 3430 Phinhuur,
538 3359 606 3412 erut
627 3358 734 3413 entur
755 3352 917 3428 momatur
938 3344 971 3408 in
992 3343 1127 3410 incensio

210 3435 358 3501 victimis:

106 3521 217 3589 Huic
230 3537 339 3588 numm
352 3521 467 3612 gladiis
480 3531 622 3586 muretus
635 3517 817 3604 meuipuius
832 3516 1016 3582 subsedmst
1043 3525 1127 3582 1090

100 3611 235 3676 Lauro
248 3621 361 3687 tectum
375 3629 512 3694 quorum
529 3605 781 3694 ctyteumeuoe
794 3602 878 3668 iilius

101 3697 205 3762 Erat
218 3717 303 3760 unus
316 3695 460 3760 omnium
471 3693 603 3758 istorum
619 3691 827 3757 machinator.

102 3782 166 3848 Et
181 3781 240 3847 ille
254 3782 382 3867 quidem
398 3783 432 3846 in
446 3793 618 3866 conspectu
633 3789 722 3843 otene
731 3789 880 3863 precetur
895 3777 1019 3841 Deumt

92 3869 178 3937 Isti
192 3889 273 3933 vero
281 3869 382 3934 emtis
394 3867 523 3934 ensibus
536 3865 650 3932 ermeti

89 3955 282 4042 Pungunt
295 3957 450 4022 inermem
464 3951 567 4018 filiurn
584 3950 723 4018 Achillis
734 3945 827 4014 clem.

86 4047 226 4110 Retro
240 4063 317 4107 vero
331 4043 383 4106 iiie
397 4041 500 4106 cedite
522 4061 587 4125 uon
602 4039 688 4104 enim
703 4037 838 4102 letaliter
852 4033 1033 4100 vnlneratus

81 4129 216 4210 Erat,
232 4128 375 4193 excurrit
388 4141 505 4204 entern,
521 4139 554 4192 et
567 4149 587 4190 e
600 4124 725 4212 porticu
763 4136 772 4157 '

77 4220 285 4301 Suspenso
299 4237 389 4280 armo
401 4214 443 4280 de
457 4213 552 4278 cieris
566 4212 730 4297 diripiens,

72 4301 223 4374 Stetit
237 4323 333 4388 super
347 4324 448 4378 erum,
461 4299 611 4367 terribilis
625 4298 758 4364 bellator
772 4307 911 4383 κριοῖο,

560 4407 583 4452 u
597 4395 617 4450 4
