2794 4862
296 201 577 273 suessula.

207 377 363 464 contingere:
380 393 412 443 te
421 378 509 443 enim
522 399 590 444 nou
601 377 747 448 fruimur.

196 483 236 526 em
248 463 343 528 luctum
355 485 413 528 nou
426 475 548 530 tontum
563 485 714 544 annuum,

204 549 255 613 vito
266 571 322 614 mea
332 549 490 627 duraverit,
507 548 539 615 O
553 551 683 629 con'ux,

196 635 310 720 squidem
318 657 376 720 qua
384 657 434 700 me
444 637 575 722 peperit,
581 574 717 724 odioque
726 637 846 705 habens
855 659 958 705 meum

196 723 285 786 uomina
296 723 363 786 enim
376 735 464 787 eraut
476 723 580 804 amici,
594 745 660 788 non
675 746 718 790 rc.
896 734 954 792 851

196 829 232 870 ins
245 807 394 872 charissima
408 829 467 892 pro
481 831 551 873 meo

196 895 281 958 time:
300 916 333 958 eo
345 915 402 958 non
416 894 512 980 igitur
525 916 650 982 gemere
662 895 761 974 adest,

196 1001 208 1042 e
220 979 298 1043 talem
309 979 483 1068 conjugem?

196 1087 211 1128 o
223 1067 431 1130 comessationes
445 1081 478 1130 et
491 1068 693 1134 convivarum
706 1068 859 1146 sodalitio,

199 1163 225 1214 et
237 1173 349 1229 musam,
362 1173 431 1238 quae
444 1155 608 1238 occupavit
621 1173 724 1219 meam
739 1153 878 1220 domum.

196 1259 304 1323 inquam
318 1239 443 1324 emplius
456 1239 610 1327 attingam
625 1239 795 1318 barbitum,

196 1346 245 1387 iam
258 1324 361 1410 erigam
375 1343 485 1390 canere
498 1325 540 1389 ad
555 1325 709 1412 Libycam

196 1411 284 1474 ,euim
295 1410 427 1496 eripuisti
440 1409 519 1476 mihi
534 1411 773 1481 oblectationem
788 1412 871 1478 vitoe.

206 1517 292 1560 manu
305 1496 450 1562 artificum
464 1518 579 1582 corpus
593 1511 683 1563 tuum
720 1520 724 1532 ¹
894 1505 957 1564 860

196 1581 268 1646 lecto
277 1582 482 1662 collocabitur,

196 1691 208 1731 o
221 1680 249 1732 et
262 1669 476 1742 circum'iciens
491 1689 612 1747 manus,

196 1777 208 1816 t
223 1772 338 1832 nomen,
352 1691 477 1820 citarum
492 1755 526 1820 iu
540 1755 623 1821 uluis

197 1862 245 1905 ere
258 1843 424 1928 conjugem,
462 1841 580 1907 uomris
593 1863 659 1906 uon
673 1839 816 1906 habeam.

201 1926 277 2026 idem
291 1928 400 2028 opinor
413 1863 662 2028 oiiiectotionem,
678 1929 730 1993 sed
745 1941 850 1992 tamen
865 1947 944 1992 onus

200 2034 308 2087 urram;
330 2034 362 2076 m
377 2035 494 2077 scurrus
508 2034 584 2078 vero

196 2098 330 2164 ›iectabis
344 2121 402 2163 mc.
446 2099 584 2164 Gratum
598 2099 681 2163 enim
696 2111 742 2163 est
755 2099 873 2165 amicus

202 2184 306 2263 videri,
323 2207 508 2272 quocunque
521 2197 662 2270 tempore
675 2183 819 2250 adfirerit.

200 2270 318 2356 Orphei
333 2271 451 2336 adesset
465 2271 582 2358 lingua,
598 2283 630 2336 et
642 2293 780 2349 carmen,

196 2358 274 2432 reris,
289 2370 344 2422 aut
356 2359 422 2444 ejus
437 2359 582 2423 maritum
894 2365 957 2428 370

196 2443 308 2507 armine
321 2443 362 2508 ab
377 2443 482 2508 inferis
497 2443 645 2509 reducere
659 2455 691 2506 te
704 2464 837 2529 possem,

200 2552 209 2592 ε
232 2551 292 2594 nec
306 2551 357 2594 mc
373 2529 520 2595 Plutonis
534 2531 631 2607 cenis,

196 2637 240 2679 :or
253 2616 433 2681 animarum
449 2615 576 2682 Charon
592 2615 645 2702 qui
660 2615 699 2678 ad
713 2637 834 2680 remum
847 2617 930 2682 sedet
976 2649 978 2654 v

196 2703 367 2788 uiusquam
381 2715 414 2767 tc
427 2703 459 2766 io
475 2702 571 2766 ritem
586 2701 778 2768 reducerem.

196 2811 214 2852 e
229 2803 380 2872 expecta,
395 2790 522 2875 quando
538 2789 666 2868 moriar,
717 2865 719 2870 ι

196 2873 393 2951 domicilium,
409 2888 445 2939 ut
459 2895 580 2938 mecum
598 2871 788 2940 habitatura.

196 2982 212 3022 n
230 2961 265 3023 in
282 2960 398 3024 iisdem
415 2961 548 3025 cedrinis
563 2959 642 3024 arcis
658 2981 727 3024 mea

198 3059 258 3110 ant
273 3058 305 3111 et
317 3062 356 3111 ut
370 3049 468 3111 latera
481 3056 673 3130 componant
686 3067 786 3132 prope

196 3133 302 3196 tinam
321 3133 409 3198 enim
425 3155 466 3197 ne
481 3145 621 3196 mortuus
635 3131 762 3218 quidem
779 3150 916 3218 unquam

206 3220 284 3296 sim,
302 3241 382 3305 quae
397 3218 463 3284 sole
476 3217 552 3282 mihi
566 3217 651 3282 suisti
664 3215 747 3282 fidat
893 3227 957 3282 380

196 3327 254 3370 1nc
271 3305 414 3382 lucrum,
429 3317 466 3370 ut
478 3305 598 3370 amicus
613 3325 684 3369 cum
698 3305 810 3384 amico,

196 3404 242 3454 ter
274 3391 368 3479 hone
398 3413 463 3456 una
490 3403 593 3455 tecum
622 3390 738 3456 feram:
776 3391 845 3476 ipso
873 3389 958 3456 enim

196 3585 230 3626 m
249 3564 428 3628 audivistis
443 3563 513 3628 hoec

196 3673 252 3727 em,
271 3673 310 3714 se
328 3650 456 3714 nullam
470 3651 563 3715 oliam
578 3650 745 3716 ducturum
762 3669 902 3735 uuquam

200 3759 323 3822 neque
338 3757 398 3801 me
414 3737 638 3824 neglecturum.

196 3845 209 3885 )
227 3825 415 3900 cademot
431 3823 541 3904 faciam
559 3822 638 3888 haec.

211 3909 344 3994 accipe
361 3909 480 3974 liberos
494 3932 534 3974 ox
551 3909 693 3973 manibus
707 3906 797 3974 meis.

196 4051 197 4056 ,
218 4009 324 4060 certe
343 4017 464 4060 munus
478 4017 519 4058 ex
533 3997 634 4059 amica
649 4016 754 4058 mouu.

196 4104 211 4144 s
232 4099 358 4146 mater
373 4103 436 4166 pro
451 4103 501 4145 me
515 4080 632 4145 liberis.

196 4169 351 4232 cessitas
370 4167 491 4232 orbatis
505 4179 536 4232 te
551 4167 646 4231 talem
662 4187 712 4232 me
724 4187 799 4232 esse
897 4172 961 4231 390

196 4275 294 4320 *vere
313 4275 378 4318 me
393 4253 536 4332 decebat,
552 4253 592 4318 ad
607 4253 723 4320 inferos
737 4275 786 4318 eo.
