2824 4860
485 213 745 282 HECUBA.

161 384 214 451 Sis
227 383 295 449 dux
308 383 384 449 anui

158 471 215 537 Ad
232 471 314 537 banc
327 470 449 550 aulam3
474 471 604 550 Onata,
620 473 653 538 Ο
667 475 734 540 filia

160 556 385 622 Afflictiasimoe
398 560 520 637 matris,
536 559 696 647 egredere,

159 643 323 730 Egrcdcre
336 643 433 708 domo
441 667 451 721 3
473 645 547 710 audi
563 647 671 710 matris

160 729 293 807 Vocem,
310 731 341 795 0
355 729 430 807 filia,
447 743 483 796 ut
495 753 658 820 agnoscas,

160 815 310 895 Qualem,
325 815 450 904 qualem

160 903 270 968 Audio
284 902 400 968 lauram
414 902 455 968 dc
468 915 524 968 tua
538 904 618 969 rita

18 1045 26 1062 .
68 1011 145 1054 eon.
159 987 213 1052 Ah
226 1002 337 1067 mater,
355 1001 465 1064 mater,
482 990 560 1077 quid
575 991 716 1056 uano?
737 990 815 1078 quid
829 991 903 1055 novi

160 1074 331 1156 Nuntiana,
347 1097 387 1140 ex
401 1075 523 1140 adibus
537 1099 597 1154 me,
635 1077 702 1141 u'asi
716 1097 817 1155 avem,

159 1160 244 1226 Cum
260 1176 381 1226 terrore
395 1159 458 1226 hoc
472 1161 597 1227 evolare
611 1099 740 1228 iecisti?

66 1269 150 1314 uuo.
160 1245 229 1312 Hei
244 1247 333 1326 mihi,
350 1247 426 1313 filia.
637 1299 640 1308 .
830 1273 841 1316 ι

66 1355 143 1400 ror..
161 1332 253 1410 Quid
267 1355 319 1398 me
331 1333 473 1420 appellas
487 1335 631 1401 ominosa
644 1337 744 1401 voce?
764 1335 841 1400 mibi
856 1333 1133 1426 prooernianmaln?

67 1442 151 1486 nac.
164 1418 242 1484 Heu
257 1418 319 1484 beu
333 1433 398 1486 tuae
411 1420 503 1485 vitae!

67 1527 145 1572 ror..
164 1505 334 1592 Eloquere,
350 1527 391 1570 ne
401 1504 482 1571 celos
495 1505 561 1582 diu.
1099 1516 1160 1574 180

159 1592 284 1668 Metuo,
299 1606 419 1670 metuo,
434 1605 554 1658 mater:

158 1675 247 1748 Quid
263 1679 389 1742 tandem
404 1678 607 1766 ingemiscis?

69 1785 150 1831 asc.
160 1763 194 1828 Ο
208 1761 285 1840 lilia,
300 1763 367 1828 filia
380 1765 503 1830 miseras
517 1765 640 1830 matris.

67 1873 142 1916 ror..
155 1850 244 1919 Quid
257 1849 319 1916 boc
333 1849 439 1915 dicis?

67 1933 305 2003 nncMactare
320 1949 352 2002 te
366 1939 414 2002 Ar
437 1938 558 2001 'vorum
574 1937 762 2017 communis

157 2021 263 2122 Urget
276 2021 318 2086 arl
333 1959 491 2087 tumrillsm
506 2023 662 2088 sententia

157 2107 293 2185 Pelidis,
307 2107 339 2174 Ο
353 2107 487 2174 soboles.

67 2217 140 2260 ror..
157 2193 230 2259 Hei
243 2193 331 2272 mibi,
347 2207 458 2274 mater,
475 2195 636 2281 quomodo
650 2195 717 2260 edis

155 2280 317 2346 immensa
330 2279 439 2346 malo?
462 2280 567 2346 indica
582 2281 671 2358 mibi,
726 2361 730 2370 Ι

154 2365 280 2444 Indica,
293 2381 417 2468 mater..

66 2451 697 2628 ‘'ml’ltttlssgttltltitffl
707 2477 779 2606 ‘ene

154 2623 290 2690 Calculo
304 2625 345 2690 de
358 2639 413 2692 tua
426 2626 503 2690 mihi
517 2626 592 2692 vita.

66 2733 137 2777 ron.
156 2709 192 2778 Ο
204 2712 314 2799 gravia
326 2714 458 2798 potiora,
475 2711 508 2778 0
522 2713 653 2778 omnino
665 2712 784 2792 infelix,

154 2797 190 2862 O
204 2798 338 2876 miserie,
351 2811 461 2878 mater,
477 2798 562 2877 vitta,
739 2801 743 2812 ’
785 2859 790 2864 ,

152 2883 305 2962 Qualem,
321 2888 445 2971 qunlem
462 2907 572 2950 rursus
586 2885 645 2950 tibi
659 2907 775 2950 noxam

152 2969 395 3038 Infestissimam
409 2970 631 3058 infandumque

151 3056 319 3121 Excitavit
333 3056 446 3142 aliquis
459 3056 611 3123 damon?

153 3142 233 3207 Non
247 3143 381 3226 amplius
395 3143 452 3208 tibi
465 3143 531 3209 filia
544 3143 615 3209 haec
628 3157 693 3210 cst:
715 3166 781 3210 non
796 3144 929 3230 amplius
944 3167 1017 3210 sane

154 3229 319 3295 Senectuti
332 3230 454 3294 miserm
468 3231 581 3296 misera
1100 3239 1163 3298 200

153 3315 259 3380 Simul
274 3317 417 3381 serviam.
1035 3367 1037 3372 ,
1074 3314 1077 3322 '

152 3401 305 3468 Catulam
318 3402 404 3467 enirn
420 3425 470 3468 me
484 3415 635 3488 tanquam
651 3405 883 3490 montipastam,

150 3487 298 3552 vitulam
314 3489 427 3553 misero
439 3489 586 3570 miseram

152 3573 287 3638 Videbis
303 3596 401 3639 manu
414 3575 579 3660 abreptam

149 3659 237 3738 Tua,
253 3659 503 3748 decollatamquc
518 3661 663 3726 Plutonis

150 3746 225 3812 Sub
239 3759 325 3812 terra
338 3748 465 3814 misaam
480 3747 635 3828 tenebras,
652 3748 706 3813 ubi
720 3771 793 3814 cunr
808 3749 940 3813 mortuis

149 3831 269 3898 Infelix
278 3834 404 3919 jacebo.

150 3919 201 3984 Et
214 3933 246 3983 te
259 3919 397 4007 quidem,
415 3919 447 3986 Ο
464 3936 564 3986 mater
577 3921 700 3998 misera,

148 4003 299 4088 Deploro
313 4027 466 4094 perquam
481 4007 733 4072 lamentabilibus
746 4008 887 4073 fletibus:

149 4090 265 4156 Meam
279 4106 386 4158 autem
400 4093 508 4172 vitato,
523 4093 676 4179 probrum
691 4108 723 4159 et
736 4093 877 4171 cladem3
1102 4103 1165 4161 210

149 4176 243 4244 Nihil
259 4179 407 4268 deploro:
432 4181 486 4248 sed
503 4181 584 4246 mori
599 4179 676 4246 mibi
