2784 4864
631 205 943 273 EURIPIDIS

333 379 447 446 Multis
461 377 644 443 circuitibus
659 378 816 443 undarum
831 379 975 466 agitatus,

334 465 514 543 indefletus‚
525 464 711 550 insepultus:
723 487 808 529 nunc
816 486 892 528 vero
900 484 995 549 supra
1005 475 1137 528 matrem
1145 463 1306 532 charam
1323 475 1380 533 30

334 552 503 618 Hecubam
519 550 658 636 prosilio,
674 573 807 637 corpore
821 549 929 618 relicto
944 571 1025 627 meo,

333 638 475 704 Tertiam
485 638 551 723 jam
567 637 667 702 lucem
683 659 808 702 versans
823 637 854 701 in
870 635 1006 713 sublimi,

334 723 499 805 Quamdiu
513 723 632 788 scilicet
645 724 679 786 in
694 740 778 788 terra
792 725 851 787 hac
868 721 1076 787 Cherronesia

335 809 442 876 Mater
457 833 527 876 mea
541 808 650 874 infelix
665 833 705 878 ex
722 808 821 900 Troja
836 807 933 879 adest.

335 895 457 962 Omnes
469 919 546 960 vero
560 895 684 973 Achivi,
696 917 796 959 naves
805 906 955 970 tenentes,
971 893 1069 979 quieti

336 983 455 1050 Sedent
469 985 501 1046 in
516 981 622 1046 littore
635 981 728 1066 hujus
742 981 888 1046 Thraciae
902 995 1004 1044 terrae.

336 1067 422 1134 Pelei
436 1089 573 1154 namque
589 1066 679 1144 filius,
695 1088 790 1152 super
805 1065 961 1130 tumulum
977 1087 1142 1152 apparens,

337 1154 483 1220 Retinuit
497 1153 637 1219 Achilles
651 1165 753 1228 totum
768 1154 940 1230 exereitum
957 1152 1120 1230 Graecum,

278 1306 282 1314 ,
336 1242 479 1308 Domum
494 1262 600 1305 versus
613 1237 784 1327 dirigentes
798 1239 954 1303 marinum
968 1260 1104 1302 remum.

337 1327 419 1392 Petit
434 1349 508 1391 vero
523 1347 662 1390 sororem
677 1347 778 1390 meam
797 1325 991 1410 Polyxenam
1321 1336 1379 1390 40

336 1411 476 1477 Tumulo
491 1411 618 1476 charam
633 1413 791 1477 victimam
806 1424 838 1476 et
852 1410 1055 1474 honorarium
1070 1409 1236 1494 accipere:

336 1499 381 1564 Et
394 1499 532 1584 potietur
547 1499 618 1576 hoc,
635 1519 737 1584 neque
751 1499 919 1561 indonatus
933 1495 1042 1561 amicis

337 1584 410 1650 Erit
423 1607 442 1648 a
456 1584 546 1647 viris:
568 1583 667 1648 fatum
683 1606 758 1646 vero
773 1582 906 1667 impellit

339 1670 425 1734 Mori
441 1691 581 1734 sororem
594 1691 697 1734 meam
712 1668 772 1733 hac
786 1669 847 1732 die.

339 1757 489 1823 Duorum
503 1777 578 1819 vero
591 1755 762 1819 liberorum
778 1755 842 1819 duo
856 1754 1007 1818 cadavera
1021 1752 1150 1838 aspiciet

337 1841 456 1919 Mater,
470 1863 649 1928 meumque,
664 1853 696 1913 ct
709 1840 802 1927 bujus
815 1839 946 1910 infelicis
961 1837 1085 1940 puella.

337 1927 510 2013 Apparebo
525 1929 621 2008 enlm,
636 1939 672 1994 ut
685 1927 875 2012 sepulturam
890 1925 1000 1992 infelix
1016 1945 1204 2010 consequar,

337 2011 472 2080 Ancillae
484 2025 557 2078 ante
571 2011 665 2098 pedes
680 2013 713 2077 iu
727 2010 1138 2098 appulsu-mariasolium

338 2102 423 2172 Nam
438 2099 479 2174 ab
493 2098 565 2176 illis,
580 2099 694 2185 quibus
707 2111 904 2188 estpotestate
917 2097 1003 2180 apud
1016 2096 1368 2184 inferoaitupetravi,

339 2185 387 2252 Ut
401 2183 524 2250 tumulo
537 2188 658 2270 potirer
672 2197 705 2251 et
717 2186 751 2254 in
765 2207 878 2258 manua
891 2185 1001 2252 mauis
1014 2183 1196 2250 inciderem.
1311 2197 1366 2254 50

339 2269 453 2337 Meum
467 2271 574 2358 igitur,
589 2284 742 2357 quantum
757 2271 902 2340 voletam
916 2269 1073 2356 consequi,

338 2357 421 2423 Erit.
452 2357 515 2423 Sed
529 2359 569 2425 ab
584 2379 647 2430 auu
661 2357 774 2443 procul
788 2358 930 2428 wem

339 2443 493 2509 Hecubae
515 2443 637 2529 profert
649 2445 734 2512 euim
748 2443 817 2529 ipae
831 2443 946 2528 perlem
960 2467 980 2510 a
993 2442 1130 2510 unone

338 2529 598 2680 ῒξιωεωηοιιίε.
611 2529 800 2616 phantasma
813 2544 959 2598 metuens
969 2549 1085 2596 meum.

338 2621 349 2700 (
391 2637 430 2680 eu
442 2613 467 2698 l)
489 2630 600 2695 mater,
616 2639 699 2718 quae,
715 2639 756 2682 ex
770 2617 865 2703 regiis
879 2615 1012 2696 adibus,

340 2699 492 2767 Serrilem
506 2701 591 2770 diem
605 2703 728 2770 vidisti:
750 2704 861 2790 utique
875 2701 1039 2782 infeliciter
1052 2701 1120 2790 agia

202 2821 205 2828 ·
339 2787 505 2864 Quantum
518 2786 650 2858 feliciter
663 2788 740 2858 olim
753 2787 760 2856 l
787 2791 833 2856 At
846 2802 890 2870 te,
904 2811 938 2856 re
980 2787 1093 2868 ndens,

340 2873 451 2948 Perdit
463 2874 596 2944 deorum
607 2875 733 2962 aliquis,
746 2876 912 2961 pristinam
955 2874 1115 2940 licitatam.

200 2975 204 2982 ·
253 2981 330 3026 nnc.
341 2959 471 3044 Ducite,
487 2961 521 3026 0
533 2959 660 3046 puellae,
675 2983 772 3026 anum
786 2973 860 3028 ante
874 2961 1017 3042 domum,

337 3047 453 3112 Ducite
466 3047 622 3134 erigentes
635 3069 830 3126 conservam,

338 3131 499 3211 Tro‘anae,
514 3133 614 3211 rubia,
629 3146 703 3202 aute
716 3157 791 3204 reto
805 3133 959 3222 raginam.

339 3157 540 3319 Pteleudite,
555 3233 684 3307 gestate,
700 3219 857 3302 deducite,
870 3219 1006 3290 attollite
1016 3241 1078 3296 me,

339 3303 475 3370 Seorlem
490 3327 621 3375 manum
634 3305 916 3392 apprehendentes

340 3389 381 3459 Et
395 3413 458 3492 ega
469 3413 567 3460 curvo
580 3393 624 3458 sci
650 3395 657 3408 ⁸
703 3417 722 3457 e
736 3415 849 3463 mous

338 3477 481 3559 Annrxa,
493 3477 612 3546 acceler
687 3479 918 3566 tardigradam,

338 3564 492 3634 Gratum
506 3564 712 3634 artimlorum
726 3587 923 3652 ριοωοτουι

339 3651 372 3716 0
386 3649 493 3739 fulgur
506 3651 605 3731 Jotie,
621 3654 653 3718 Ο
668 3653 837 3722 tenebrosa
851 3644 936 3729 Nox,

339 3733 503 3812 Quidnam
516 3737 645 3806 tandem
656 3739 761 3826 jectar
774 3739 814 3806 de
827 3753 924 3806 nocte
934 3737 983 3804 sic¹

338 3823 541 3902 Terroribus,
556 3825 710 3909 spectra?
732 3825 767 3892 0
780 3823 958 3892 veneranda
972 3821 1085 3901 Terra,
1196 3883 1201 3891 .

338 3907 733 3996 Nigrae-alaehabentium
748 3925 849 3978 mater
862 3909 1071 3988 somniorum,
1304 3920 1353 3982 70

338 3993 514 4060 Abominor
528 4011 717 4068 nocturnam
731 3998 894 4076 tisim

339 4079 444 4157 Quam
460 4081 500 4148 de
514 4083 581 4150 filio
594 4106 667 4152 meo
680 4087 737 4172 qui
749 4098 893 4153 seruetur
907 4084 940 4148 ‘m
956 4079 1106 4158 Thracia,

339 4167 391 4232 De
408 4165 629 4258 Polyaenaque
643 4170 740 4238 chara
753 4171 818 4238 filia
832 4193 889 4253 per
903 4167 1059 4245 iucumia

339 4252 528 4324 TerribIlem
543 4259 697 4326 tisittnem
710 4257 818 4336 diclici
833 4259 979 4345 cogaou'u
