2802 4858
415 258 765 332 PHOENISSAE.
1066 276 1125 338 115

127 435 218 503 Filiis
231 435 383 502 mammas
396 435 516 504 ferebat
530 431 824 524 efferebats'upplex
839 450 936 506 mater
952 463 1025 528 sup-

127 524 225 608 plices
239 544 381 587 exerens.

127 609 255 674 Invenit
267 622 374 674 sutem
387 608 469 674 filios
484 608 523 674 ad
538 622 662 694 portam
679 609 834 676 Electrum

126 695 168 760 ln
181 708 275 781 prato
289 695 346 760 nbi
360 697 500 760 nascitur
512 695 595 760 lotus
610 695 706 761 hastis

126 781 337 847 Communem
354 783 491 846 Martem

128 865 246 946 Mater,
262 889 320 933 ceu
336 868 442 934 leones
457 867 706 944 contubernales,

127 953 307 1042 Pugnando
321 954 558 1031 committentes,
574 954 606 1018 in
622 954 803 1020 vulneribus
818 956 987 1042 sanguinis,

124 1039 198 1104 Jsm
214 1037 253 1104 fri
278 1039 362 1106 'dam
375 1039 558 1106 libationem
572 1053 745 1117 cruentam,

125 1125 235 1203 Quam
279 1119 347 1192 luto
359 1129 477 1212 quidem
490 1126 618 1214 sortitus
632 1138 709 1202 erat,
724 1125 903 1210 praebuerat
916 1149 991 1193 vero
1007 1127 1106 1194 Mars.

124 1211 268 1276 AEnenm
279 1225 384 1278 autam
395 1212 552 1297 accipiens
565 1235 585 1277 a
599 1211 730 1278 mortuis
743 1233 847 1277 ensem
864 1215 946 1278 intus
1039 1225 1120 1282 1580

126 1296 233 1447 Misiqi
235 1320 301 1450 1¹ss&
296 1319 388 1364 snum
409 1319 533 1384 corpus,
556 1297 619 1364 telo
639 1320 715 1363 vero
736 1295 870 1364 filiorum
896 1299 1010 1366 cecidit
1026 1301 1119 1389 juxta

125 1469 247 1552 Omnes
260 1483 363 1539 autem
378 1469 440 1535 hoc
455 1471 506 1536 die
522 1471 735 1558 congregavit,

124 1554 254 1621 Nostrae
263 1555 385 1708 c‹llpvuui
406 1555 530 1622 dolores
550 1555 651 1639 Deus,
673 1556 705 1622 Ο
726 1569 826 1642 pater,
849 1558 1027 1645 quicunque
1041 1558 1118 1628 „hoeo

210 1663 262 1708 ma
304 1645 419 1708 inetur.
1120 1675 1125 1692 r

44 1747 114 1792 cuo.
124 1726 305 1794 Multorum
320 1728 475 1793 malorum
490 1725 614 1793 initium
629 1727 689 1792 fuit
704 1726 818 1812 OEdipi
832 1727 940 1794 domui

124 1813 193 1880 Hic
206 1815 291 1880 dies:
313 1815 433 1880 utinam
449 1825 553 1880 autem
566 1816 689 1897 posthum
704 1813 743 1879 sit
756 1813 876 1880 felicior
889 1816 963 1880 vita.

43 1919 111 1967 cus.
124 1901 287 1968 Luctunm
299 1901 425 1989 quidem
436 1903 503 1988 jam
514 1899 609 1964 linem
623 1899 725 1978 facite,
738 1899 812 1986 quia
823 1913 945 1987 tempus
956 1911 1000 1966 est
1014 1903 1116 1989 sepul·

208 1999 290 2053 turoe

123 2073 328 2142 Meminisse:
350 2072 421 2138 boeo
433 2093 520 2153 vero,
537 2069 670 2157 OEdipe‚
684 2071 781 2136 verbs

122 2160 220 2226 Audi.
266 2159 485 2245 Principatum
500 2159 700 2246 hujus'terrae
714 2156 802 2223 dedit
816 2157 906 2238 mihi

120 2245 268 2312 Eteocles
282 2245 366 2311 filius
380 2259 462 2323 tuus,
477 2243 557 2310 dans
571 2245 677 2310 dotem
691 2245 873 2329 nuptiarum

121 2333 288 2411 Haemoni,
303 2345 336 2398 et
349 2332 531 2419 conjuginm
544 2330 619 2395 filiae
633 2343 697 2396 tuoe
711 2333 893 2432 Antigones
1035 2341 1116 2398 1590

122 2419 196 2485 Non
212 2419 310 2506 igitur
323 2419 423 2492 sinam
439 2431 470 2481 te
483 2415 565 2482 hanc
577 2430 692 2482 terram
707 2417 841 2503 amphus
854 2417 1006 2482 incolere:

121 2505 218 2570 Clare
231 2505 315 2570 enim
329 2503 414 2569 dixit
428 2502 578 2586 Tiresias,
592 2525 766 2588 nunquam,

121 2591 170 2657 Te
184 2594 218 2656 in
233 2591 294 2656 hac
308 2603 391 2656 terra
405 2589 578 2669 habitante,
593 2589 673 2654 bene
687 2601 826 2654 acturam
845 2589 971 2654 urbem:

119 2677 231 2755 Quare
244 2676 309 2742 sbi.
354 2676 522 2742 Hoeorero
539 2697 601 2739 non
613 2675 685 2740 dico
696 2675 754 2738 tibi
768 2697 825 2759 per
838 2674 1070 2750 contumeliam,
1163 2685 1166 2692 '

117 2764 233 2851 Neque
247 2777 319 2829 tuus
332 2765 469 2852 existens
483 2762 639 2840 inimicus,
650 2760 705 2824 sed
740 2775 845 2846 ropter
855 2760 971 2825 malum
985 2763 1113 2848 genium

118 2849 229 2915 Tuum
245 2850 369 2928 timens,
385 2869 425 2914 ne
439 2861 521 2913 terra
536 2847 651 2949 aliquid
668 2783 740 2910 mali
754 2847 901 2931 patiatur.
1176 2831 1183 2856 '

32 2953 100 3000 mn.
120 2935 153 3002 0
166 2935 279 3013 fatum,
295 2957 391 3021 quam
407 2957 457 2999 me
471 2934 511 2998 ab
525 2934 615 2998 initio
628 2933 762 3022 genuisti
778 2935 924 2998 miserum

118 3021 163 3086 Et
177 3020 345 3099 infelicem,
362 3020 388 3084 si
402 3021 472 3106 quis
486 3019 564 3085 alins
579 3019 743 3083 homiuum
757 3018 832 3083 fuit:

115 3108 234 3186 Quem,
246 3107 428 3194 priusquam
440 3107 578 3171 venirem
591 3127 630 3170 ex
639 3119 792 3190 conceptu
801 3117 944 3170 materno
956 3106 987 3168 in
998 3106 1111 3182 lucem,

116 3193 275 3260 Nondum
288 3193 429 3280 genitum
445 3215 496 3258 me
510 3191 626 3278 Apollo
642 3191 722 3255 Laio
737 3192 920 3256 vaticinatus
934 3204 980 3256 est
1031 3202 1112 3259 1600

118 3279 327 3346 Homicidam
341 3279 409 3343 fore
421 3279 529 3364 patris,
546 3276 579 3343 Ο
592 3278 739 3342 miserum
757 3276 824 3342 me!
1143 3262 1165 3293 ²

115 3365 292 3452 Postquam
305 3387 379 3431 vero
393 3378 484 3430 uatus
499 3385 580 3444 sum,
592 3363 697 3428 statim
712 3376 810 3448 pater,
822 3365 876 3450 qui
887 3385 938 3428 me
948 3363 1112 3428 seminavit

112 3453 255 3518 luterfrci
270 3475 320 3516 me
328 3453 430 3538 jubet,
442 3451 624 3515 existimans
640 3472 690 3514 me
704 3450 763 3515 sibi
777 3449 898 3516 bostem
909 3463 1018 3514 natum
1031 3473 1109 3526 essc;

112 3539 296 3625 Oportebat
311 3539 395 3603 enirn
411 3559 484 3602 eum
497 3535 630 3600 interfici
645 3558 665 3599 a
678 3557 745 3599 me:
768 3537 864 3601 mittit
877 3549 979 3602 autem
997 3557 1046 3600 me

108 3625 358 3692 Desiderantem
373 3623 471 3688 ubera
506 3623 625 3689 raedam
639 3621 711 3686 feris
727 3617 897 3698 infelicem

112 3711 183 3778 Ubi
199 3723 342 3778 servatus
354 3731 435 3775 sum.
514 3711 613 3774 tinam
630 3729 704 3771 vero
719 3707 846 3773 Tartari

108 3795 264 3863 Venisset
278 3797 312 3861 in
326 3793 500 3884 profundos
512 3794 618 3860 hiatus
630 3794 805 3872 Citlsaeron,

106 3883 184 3960 Qui
197 3907 249 3949 me
262 3903 329 3948 uon
344 3881 497 3967 perdidit:
520 3881 575 3946 sed
589 3881 705 3946 servire
720 3901 769 3946 me

100 3969 213 4037 Dedit
226 3968 355 4035 fortune
369 3967 455 4054 apud
472 3965 627 4055 Polybum
643 3965 817 4032 dominum.

102 4055 243 4124 Deinde
254 4077 328 4121 cum
341 4052 562 4120 interfecissem
573 4074 678 4118 mcum
691 4065 809 4140 patrem
822 4051 930 4118 infelix
941 4074 1011 4142 ego,
1031 4061 1112 4120 1610

102 4147 153 4210 In
168 4143 279 4208 matris
292 4140 366 4206 reni
379 4140 502 4206 miserae
515 4139 642 4218 lectum,
761 4171 764 4188 ·

102 4228 279 4318 Filiosque
292 4227 404 4294 frenes
417 4228 524 4318 genui
539 4247 618 4313 quos
631 4225 765 4312 perdidi,

545 4335 556 4376 1
573 4321 593 4376 2
