2824 4860
440 211 723 280 ORESTES.

126 385 254 453 invidia
267 384 427 472 quondam
441 385 584 452 Domua:

124 473 226 539 Livor
239 472 355 537 inraait
367 493 437 536 eam
452 470 612 549 divinitus,
628 483 659 536 et
673 471 829 538 infensum

124 557 409 648 sanguinolentum
423 555 608 644 suffragium
623 557 657 622 in
674 559 762 622 urbe.

125 644 216 725 Heu,
229 643 293 710 heu
308 642 472 709 hominum
509 643 590 708 lenm
603 642 815 730 lacrymarum

125 731 246 796 Gentes
258 729 435 831 labprioaa,
451 666 564 808 ridete,
580 730 740 816 quamdo
753 743 870 816 preter
882 751 968 818 rpem

127 817 242 882 Fatum
256 827 352 882 vemt.

124 902 198 968 Alia
212 924 288 968 vero
302 909 374 988 port
388 898 451 966 alia
463 901 637 968 succedunt

127 987 219 1054 Mala
234 987 377 1076 iniungo
391 1000 550 1072 tempore3

125 1072 210 1140 Tota
223 1085 329 1140 autem
345 1072 410 1139 rite
418 1071 583 1146 hominum
597 1085 645 1141 est
659 1073 822 1139 instabilia.
1059 1080 1123 1144 970

126 1161 259 1226 Utinam
273 1159 388 1242 radam
401 1159 441 1224 ad
455 1162 571 1226 coelum

124 1245 215 1312 Inter
229 1259 261 1311 et
275 1257 391 1312 terram
406 1265 578 1330 appensam
691 1311 694 1324 ,

125 1331 363 1398 Elerationibna
378 1342 500 1416 petram

126 1417 257 1484 Catenis
273 1417 385 1494 aureis,
400 1417 623 1485 circumactam

124 1502 307 1571 Vorticibus
321 1501 447 1587 glebam
462 1507 502 1568 ab
518 1503 668 1591 Olympo,

126 1589 174 1656 Ut
188 1590 273 1656 iuter
287 1589 424 1655 lamenta
438 1589 610 1656 exclamem

125 1677 201 1742 Seni
215 1676 299 1763 patri
314 1674 452 1741 Tantalo

122 1761 190 1840 Qui
290 1763 339 1840 rit,
354 1761 477 1847 peperit
488 1772 635 1849 parentes
648 1782 728 1827 mee
741 1760 879 1838 familia,

122 1849 187 1922 Qui
201 1850 232 1914 vi
256 1859 350 1913 eruut
363 1847 458 1930 mala,

124 1934 269 2001 Celerem
283 1931 429 2021 equidem
444 1953 572 1998 curuum
586 1951 737 2020 equarum

122 2020 327 2106 Quadrijngo
340 2040 435 2084 curru

124 2107 240 2192 Pelope
254 2104 381 2193 quando
395 2104 428 2168 in
444 2105 523 2170 mari
537 2115 738 2192 supervectae
751 2115 809 2183 eat,
927 2171 931 2176 ,

122 2191 252 2280 Myrtili
266 2190 385 2256 cedem

122 2279 285 2368 Abjicieue
298 2279 333 2342 iu
346 2277 504 2366 gurgitem
518 2277 624 2354 maria,

121 2365 224 2432 Juxta
236 2361 342 2429 albam
358 2363 545 2429 Germatiam
560 2363 754 2428 marinorum
769 2363 920 2430 fluctuum

122 2453 160 2517 ln
172 2451 282 2517 littore
295 2449 452 2538 aurigans.

123 2537 217 2604 Unde
231 2535 359 2602 familiae
372 2549 488 2601 noatrre

123 2625 219 2690 Venit
233 2623 392 2688 execratio
404 2622 557 2699 luctuosa,

124 2711 230 2776 licetne
245 2710 329 2774 iuter
341 2730 453 2796 greges
469 2705 568 2773 Maiae
584 2705 652 2786 ulii,

122 2799 151 2862 A
195 2798 206 2861 i
220 2794 565 2861 aureo-vellereornati
579 2791 707 2879 quando
1056 2801 1119 2859 990

155 2883 320 2948 arcebatur
333 2892 513 2967 portentum
528 2879 662 2957 exitiale,
678 2878 806 2944 exitiale

124 2970 212 3034 Atrei
226 2989 325 3054 equos
340 2967 469 3044 ulantis;

124 3053 220 3120 Unde
233 3051 404 3136 Discordia
416 3049 533 3120 alatum

124 3140 263 3206 Currum
277 3138 351 3205 eolis
366 3140 506 3216 mutarit,
520 3149 554 3203 ut
567 3137 794 3204 occidentalem

124 3226 215 3292 Viam
229 3226 304 3292 coeli
318 3225 570 3291 accommodaret

124 3313 238 3378 Verane
252 3335 401 3378 auroram
415 3333 486 3398 qum
500 3309 624 3376 rebitur
640 3331 704 3376 uuo
718 3331 819 3398 equo;

123 3399 165 3464 Et
179 3413 301 3484 reptem
315 3398 481 3464 Pleiadum
496 3419 616 3477 curans,
730 3425 734 3439 ·
793 3427 800 3446 ι

123 3485 161 3550 In
175 3485 269 3551 aliam
283 3486 365 3550 viam
379 3485 504 3570 Jupiter
517 3483 629 3548 vertite

124 3570 163 3635 Ei
176 3585 280 3638 autem
295 3571 429 3636 alternat
442 3591 534 3636 necea
547 3570 687 3648 necibus,

123 3656 165 3723 Et
177 3680 267 3724 caena
280 3678 397 3742 nomen
411 3657 546 3723 referent
560 3657 706 3743 Thyesta

123 3742 166 3808 ln
178 3743 275 3810 lectur
291 3743 415 3808 Cresaae

123 3830 265 3915 Aeropes
277 3829 397 3894 dolosoe
411 3828 528 3894 doloris
542 3828 671 3912 nuptiis.

122 3914 255 3995 Ultimo,
270 3938 355 3994 ecce,
369 3915 404 3980 in
419 3935 469 3978 me
482 3930 514 3979 et
527 3913 656 3980 fratrem

122 4001 233 4069 Meum
248 4003 333 4068 venit
346 4001 514 4068 domorum

121 4087 315 4154 AErumnoao
328 4088 403 4155 sato.

45 4175 430 4347 ‘¹¹⁰'li‘llllV‘lllli
438 4173 651 4328 illidiidit

603 4301 614 4338 l
