2882 4858
689 179 1017 250 EURIPIDIS

387 359 548 426 Hortatur
562 369 610 422 est
623 355 808 433 exercitum,
823 355 929 442 quui»
942 367 1070 441 oportet
1080 359 1183 424 ubam
1194 359 1317 428 fortem:

386 447 418 511 Ο
432 445 525 524 cives,
541 457 634 508 terrae
650 465 722 529 quae
737 465 787 506 vos
801 441 856 507 alit

385 531 429 598 Et
442 554 515 680 qpae
529 531 639 614 genuit
653 551 705 594 vos
719 551 798 614 opus
815 543 862 594 est
876 527 1047 616 quemlibet
1062 541 1189 598 oettmm
1204 535 1272 620 jam
1289 553 1362 618 open

482 639 561 681 erre.
1315 627 1364 684 82⁰

387 702 539 770 Similiter
554 704 648 768 etiam
664 701 742 766 altor
757 703 864 786 Argos
878 721 918 762 ne
933 701 1004 787 quis
1018 701 1125 768 volens
1139 704 1333 772 dedecoraret
1418 690 1419 780 l

384 790 429 855 Et
445 789 609 876 Mycenas,
625 788 813 874 precabatur
823 787 937 850 socios.
1418 789 1419 798 ’

384 876 558 962 Postquam
571 889 677 940 autem
692 875 817 960 signnm
832 871 917 938 clare
930 872 1040 938 datum
1055 889 1102 942 est
1115 877 1309 963 Tyrrhnies

382 962 490 1044 Tube,
500 971 534 1026 'et
550 962 633 1025 inter
648 985 680 1025 se
695 959 919 1024 commisenrnt
933 982 1085 1048 pugnam,

385 1049 551 1126 Quantum
565 1047 704 1114 sonitum
719 1047 903 1132 clypeorum
918 1061 1009 1132 putas
1024 1045 1199 1132 fremuisse,

384 1137 551 1213 Quantum
565 1135 718 1220 gemitum
732 1148 764 1198 et
778 1133 886 1196 laetum
902 1133 1073 1198 clamoren
1086 1135 1180 1202 mmnl

386 1222 529 1288 Primum
545 1221 671 1306 quidem
686 1219 852 1305 impressio
868 1220 982 1306 Argivi
996 1223 1154 1287 exereitus

385 1308 534 1393 Perrupit
547 1329 621 1374 nost
645 1307 760 1371 deiude
773 1319 1027 1372 retmcessenmt

386 1395 501 1462 Postea
514 1415 589 1460 vero
604 1393 738 1460 eollatm
751 1414 807 1478 pes
821 1391 909 1476 pedi,

384 1481 428 1548 Et
442 1482 490 1544 vir
504 1479 655 1546 adversus
667 1480 769 1543 virum
786 1493 882 1557 stans,
898 1481 1116 1565 perseverabat
1130 1481 1162 1546 it
1175 1503 1291 1584 pugne
1315 1491 1365 1550 88⁰

383 1567 484 1634 Multi
509 1580 614 1632 antem
636 1564 810 1630 cadebant:
833 1580 924 1644 erant
946 1581 1050 1632 autem
1072 1565 1298 1634 adhortationis
1316 1573 1364 1633 lac
1420 1587 1421 1594 ’

384 1740 486 1828 oqui
500 1739 652 1816 Athenas,
669 1738 702 1803 0
716 1737 770 1825 qui
785 1739 977 1825 Argivorum
991 1759 1085 1828 agros

386 1826 505 1904 Seritis,
522 1847 584 1892 non
600 1824 761 1910 depellatis
774 1823 816 1890 ab
831 1824 910 1890 urbe
923 1824 1085 1890 dedecus?

383 1915 447 1978 Vix
460 1927 565 1978 autem
580 1909 856 1988 malefacientes,
873 1933 938 1976 non
952 1913 1018 1976 siue
1032 1912 1140 1978 labore

382 2000 543 2064 Vertimur
557 2002 591 2064 In
603 1997 712 2086 fugam
729 2000 777 2063 Ar
801 1997 884 2062 'rum
899 1999 1086 2064 exereitum.
1421 1984 1422 2066 l

382 2085 477 2151 'suae
491 2099 596 2150 autem
611 2106 707 2148 senex
723 2020 860 2171 Hyiium
876 2097 965 2150 extra
978 2087 1071 2150 neieru
1080 2099 1226 2152 ruentem

386 2171 604 2257 Conspieatus,
622 2184 768 2256 porreots
781 2171 894 2236 dextra
908 2172 1031 2259 rogavit

384 2257 500 2340 Iolaus,
515 2273 551 2324 ut
564 2281 597 2324 se
612 2257 790 2344 imponeret
803 2258 838 2322 in
852 2271 1026 2344 equestrem
1041 2279 1182 2324 currum.

384 2344 466 2410 Cum
478 2357 583 2408 autem
598 2344 743 2409 manibus
757 2343 897 2410 habenas
912 2345 1052 2430 cepisset,
1069 2344 1237 2432 Eurysthei

382 2431 420 2496 ln
437 2453 454 2494 e
477 2453 533 2495 uos
548 2430 663 2530 adegit.
709 2430 805 2506 Quod
822 2445 927 2496 autem
951 2443 1057 2515 poste·
1071 2434 1192 2514 nummi,
1206 2431 1363 2498 idudiem

384 2516 434 2581 Ex
483 2517 513 2579 ὀ
527 2515 673 2596 dixemus,
685 2515 838 2582 hactenns
852 2540 927 2582 vero
940 2517 1027 2582 testis
1040 2518 1193 2584 oculatus.
1311 2525 1360 2582 841

382 2603 553 2670 Transiens
568 2603 653 2667 enim
669 2603 882 2669 venerandam
896 2625 1014 2694 pagum
1031 2603 1204 2672 Psllenidis

380 2689 475 2756 Divre
491 2689 658 2768 Mineruae,
673 2711 802 2756 curram
816 2691 1015 2776 conspicatus
1029 2689 1212 2778 Eurysthei,

380 2772 500 2842 Votum
514 2775 588 2842 lecit
601 2775 623 2841 J
624 2789 748 2842 urente
762 2789 795 2842 et
808 2777 891 2854 Jori‚
904 2793 940 2842 ut
953 2799 1019 2843 uuo
1030 2777 1084 2844 die

383 2863 645 2949 Rejurenesceret
657 2875 690 2930 et
703 2863 813 2929 ulcisci
826 2877 933 2950 posset

383 2948 518 3014 Hostes:
540 2949 651 3015 audire
660 2951 728 3037 jam
742 2950 930 3016 miraculum
945 2949 1028 3017 lieet.

380 3034 456 3100 Duo
470 3037 555 3101 enim
570 3036 648 3102 Divi
663 3057 761 3122 snpra
773 3051 916 3124 equestre
924 3037 1038 3126 jugum

380 3121 517 3199 Stantes,
532 3135 683 3188 texerunt
694 3145 823 3188 currum
837 3123 974 3188 obscura
987 3123 1081 3190 nube.

380 3207 595 3292 Sapientiores
609 3207 825 3291 dionntsuisse
838 3223 927 3276 tuum
944 3209 1055 3288 filium,

380 3291 578 3382 Hebenquer
602 3295 654 3362 ille
668 3318 743 3361 vero
757 3319 796 3362 ex
810 3297 946 3362 retbere·
960 3295 1094 3384 ealigine
1107 3297 1293 3384 jurerriliam
1312 3301 1363 3361 850

380 3379 588 3446 Brachiorum
599 3383 771 3467 juvenilem
786 3397 892 3448 notam
906 3382 1016 3448 edidit

378 3465 474 3552 Capit
488 3490 563 3534 vero
577 3469 714 3555 Inclytns
729 3468 836 3534 Iolaus
850 3466 1021 3554 Eurysthei

378 3552 612 3642 Quadrijugum
628 3577 756 3620 currum
771 3557 811 3620 sd
826 3579 901 3621 saxa
916 3555 1070 3622 SoIronIs.

377 3638 421 3706 Et
436 3641 574 3706 tinniens
589 3641 721 3707 naeniis
735 3663 847 3708 manus
860 3641 998 3730 spolium

378 3724 630 3792 Pulcherrimnm
646 3729 751 3814 ipsum
768 3729 997 3815 Imperatorem
1011 3727 1099 3794 venit
1112 3727 1284 3806 addamne,

377 3811 473 3878 IIlum
489 3813 576 3898 prius
589 3814 733 3880 beatum:
757 3829 791 3879 at
801 3817 949 3901 prasenti
962 3814 1092 3880 fortuna

376 3898 536 3964 Omnibus
552 3901 735 3966 mortalibus
749 3901 835 3968 clare
848 3903 944 3968 edicit
959 3914 995 3966 ut
1008 3899 1144 3978 diseunt,

377 3981 428 4048 Ne
441 3983 560 4052 ducant
574 3985 701 4052 beatum
715 4009 800 4066 enm,
816 3991 871 4076 qui
886 3989 1092 4054 videturesse
1111 3987 1297 4064 lortnnm
1311 3981 1366 4070 pri·

373 4093 593 4258 Videiiithhnn'i
600 4159 713 4260 aliquis
727 4171 905 4226 mortuumt
928 4161 1004 4247 qnia
1017 4159 1143 4226 bunun
1165 4159 1259 4226 habet
1272 4155 1366 4246 quoti·

459 4243 570 4308 dianas
586 4258 786 4312 mutationes.
