2798 4862
276 219 525 286 IPHIGENIA
549 221 599 286 lN
623 220 810 288 AULIDE.
1020 227 1085 288 808

139 398 267 482 Postquam
279 417 351 460 vero
373 397 467 462 etiam
489 399 522 462 in
544 396 640 462 Aulin
657 397 780 478 venisti,
801 409 834 462 et
853 407 938 462 totus
952 395 1086 462 Graeco·

201 504 253 546 mn
266 484 426 562 exercitus,
564 504 566 512 ’
1021 492 1084 548 840

136 569 296 668 ΝιιΗιιειεηε,
313 568 370 632 sed
385 568 637 635 consumebaris
659 570 834 635 calamitate
854 568 1004 635 divinitus
1025 569 1084 634 im·

199 675 281 731 musa,

131 740 245 806 &cunda
256 741 449 827 navigatione
463 761 590 805 carena:
615 742 722 807 Groeci
738 764 822 820 vero,
834 754 872 807 ut
883 739 1057 806 dimitteres

131 828 213 892 Nares
224 826 405 914 flagitabunt,
420 840 452 891 et
466 849 506 890 ne
519 826 634 892 frustra
650 828 807 894 laborares
822 830 854 892 in
870 825 998 892 Aulide.

126 917 209 983 Quem
222 931 283 976 vero
295 915 443 980 mineram
459 913 580 978 vultum
596 915 733 981 habuisti
748 928 781 982 et
793 926 944 1000 quantam
961 923 1084 998 pertur-

195 998 343 1076 bationem,
360 999 419 1064 nisi
433 1000 566 1064 mribus
1106 1001 1109 1006 ’

124 1084 201 1150 Mille
207 1086 388 1170 prepositus,
401 1085 520 1150 Priami
531 1086 973 1172 campumermiaimpletaraa
984 1081 1081 1148 esseni

123 1171 158 1236 Et
173 1193 215 1234 me
233 1169 418 1320 consulpbas,
434 1171 510 1257 quid
531 1171 667 1237 seciam?
681 1193 851 1260 quamnam
864 1172 947 1236 riam
970 1168 1085 1235 alicubi

256 1279 268 1319 r

118 1343 162 1408 Ne
172 1279 442 1429 pliitltdililmperin
453 1343 637 1430 praeclaram
676 1344 784 1408 lorium
801 1345 955 1409 amittam.

117 1429 226 1494 Deinde
236 1443 393 1515 postquam
407 1430 445 1493 in
468 1429 628 1494 sacrificiis
651 1365 784 1495 duchat
804 1430 894 1506 dixit,
910 1443 945 1496 nt
968 1438 1085 1494 macte·

189 1532 324 1580 reatuum
339 1515 437 1580 filiam

111 1601 223 1676 Diame,
238 1615 326 1687 atque
347 1604 392 1666 itu
412 1593 582 1666 secundam
605 1602 835 1691 navigationem
856 1601 923 1666 scre
945 1599 1079 1686 Graecia,

183 1688 297 1773 garinus
310 1688 428 1765 animo,

108 1773 215 1837 Libens
235 1787 441 1838 mactatarum
467 1791 497 1839 te
519 1797 585 1839 esse
608 1774 703 1838 liliam
726 1789 814 1839 tunm
836 1772 1021 1860 promisisti:
1053 1783 1086 1836 ct

185 1859 281 1924 colena
295 1862 436 1924 mnndua'
1020 1867 1085 1924 880

108 1945 300 2094 Uxoprtnrn
318 1967 383 2010 non
414 1959 541 2011 coactns
567 1947 694 2025 vi,·-ne
715 1945 832 2010 dixeris
857 1943 1084 2023 istud-tuam

214 2053 271 2096 mm
716 2073 720 2092 .
1043 2087 1046 2095 s

98 2116 173 2180 Huc
186 2119 314 2194 mittere,
329 2117 390 2182 hoc
405 2131 571 2202 praetextu,
587 2131 737 2202 tunquam
753 2129 919 2201 nupturam
936 2114 1062 2180 Achilli.

92 2203 216 2266 Deinde
230 2217 346 2268 mutata
360 2206 513 2270 sententia
527 2204 608 2268 clam
624 2203 701 2266 aliae
715 2203 821 2267 literas
835 2203 956 2279 miniati,

93 2289 186 2364 Quod
203 2311 263 2354 non
279 2288 321 2354 sit
335 2290 459 2354 futurae
474 2289 653 2354 interfector
667 2289 741 2353 filioe
756 2302 820 2354 turn
835 2287 900 2353 ullo
914 2287 1020 2352 modu.

91 2375 158 2439 Hic
173 2373 253 2439 idem
268 2375 368 2440 uther
382 2389 430 2440 est
443 2377 540 2454 testis,
556 2376 609 2476 qai
624 2375 665 2440 de
679 2387 710 2440 te
725 2375 793 2439 lroec
807 2376 936 2452 audivit.

87 2461 266 2526 innumeris
280 2473 386 2526 antam
401 2460 464 2526 hoc
477 2462 592 2526 accidit
606 2461 638 2524 in
654 2483 759 2526 rernm
774 2461 1062 2536 administratione3

88 2546 135 2612 Ut
156 2569 254 2631 penes
279 2549 363 2632 ipsos
384 2549 434 2624 sit,
458 2547 565 2612 labore
586 2561 838 2635 conneqnnntur3
861 2547 989 2611 tandem
1010 2566 1085 2610 vern

172 2634 334 2703 excedunt
348 2635 495 2718 turpiter,

79 2719 203 2783 Partim
220 2720 349 2806 quidem
364 2719 407 2783 ob
422 2723 552 2784 stultum
566 2719 680 2784 civium
695 2717 863 2804 judicium,
877 2716 993 2802 partim
1010 2737 1085 2780 vern

168 2806 261 2880 uste,

74 2828 246 2954 Cumjnon
260 2891 381 2976 possint
395 2891 455 2977 ipri
469 2891 548 2956 tueri
567 2889 819 2976 Rempublicam.
1002 2929 1005 2936 ·

70 2975 148 3064 Ego
163 2977 367 3060 potissimum
383 2999 476 3059 gemo
490 2978 635 3041 mineram
651 2976 823 3052 Graeciam,
1021 2983 1085 3041 860

67 3062 161 3138 Quae
177 3085 255 3127 cum
272 3062 348 3127 velit
361 3062 482 3148 aliquid
496 3063 667 3149 gloriosum
683 3083 794 3150 gerere
808 3072 919 3127 contra
933 3060 1084 3126 barbarea

158 3147 260 3212 nihili
277 3149 430 3226 homines,

57 3235 228 3299 Dimittet
244 3257 297 3300 eor
310 3235 447 3300 ridentes
460 3247 592 3320 propter
607 3249 638 3299 te
651 3247 683 3300 et
697 3248 784 3299 tuam
797 3232 907 3298 liliam.

57 3321 251 3386 Neminem
275 3343 337 3408 ego
361 3320 495 3385 lacerem
516 3321 700 3406 prefectum
722 3320 853 3406 alicuju·
874 3320 935 3385 loci
956 3331 1086 3405 propter

150 3406 363 3484 affinitatem,

57 3493 182 3577 &leque
197 3493 325 3558 ducem
339 3494 515 3558 exercitus:
538 3504 664 3577 oportet
677 3513 786 3577 anpcrc
799 3491 964 3557 ductorem

57 3577 166 3642 Urbis
178 3601 190 3642 e
217 3579 346 3665 qnippe
356 3579 503 3664 princepe
512 3579 560 3642 vir
567 3580 717 3664 quinque,
729 3577 913 3662 sapientiam
922 3577 949 3644 ei
960 3575 1084 3644 habeat.

57 3664 200 3730 &cerba
216 3687 275 3730 rea
289 3675 343 3745 ert,
358 3665 440 3730 inter
453 3665 565 3729 fratrea
578 3663 646 3729 fieri
662 3663 799 3729 convitia
852 3700 855 3710 ·

57 3750 909 3923 t,tuffitttti⁰ssttt¹ttl⁰ltt¹llll*

57 3923 252 4008 'alpebrae
271 3923 473 4008 impudenter
486 3922 641 3999 attollens,
655 3923 710 3988 sed
725 3921 905 4000 modestiae,

57 4009 111 4072 lbi
131 4007 296 4074 fratrem
311 4011 517 4075 existentem:
542 4009 592 4072 vir
606 4011 689 4073 enim
706 4008 825 4094 probna
839 4008 901 4073 ccli
916 4017 1010 4074 urunt.
1020 4015 1085 4077 870

57 4096 104 4160 *ic
125 4095 244 4173 mihi,
262 4117 365 4182 quere
378 4095 610 4182 acerbuepirae,
623 4095 741 4160 habens
756 4108 920 4162 cruentam
936 4091 1087 4161 oculum?

58 4181 127 4245 uis
142 4193 186 4245 te
200 4181 336 4282 injuria
345 4181 465 4248 afficit?
486 4203 548 4268 qun
562 4205 597 4248 re
608 4181 749 4270 indiges?
773 4183 955 4270 conjugium
967 4183 1085 4247 bonum

130 4266 303 4354 adipisci
318 4267 431 4354 cupis?
579 4306 585 4318 ·

515 4373 537 4416 n
553 4363 573 4417 4
