2828 4864
297 205 357 266 tte
671 187 995 259 EURIPIDIS
1131 231 1135 239 ·

379 363 683 452 Quoeipsemduxit

370 453 417 519 -In
433 451 593 519 Graecinm
608 473 648 516 ex
662 449 793 516 adverso
807 449 899 514 situm

379 539 442 606 Per
455 559 542 604 mere
556 551 745 604 uootumum
760 534 802 602 ed
816 535 898 602 sulse

378 625 473 692 Ponti
487 623 623 690 clerum
635 643 797 712 nunquern
811 620 995 688 cnudeude

292 711 536 780 uenMulieroe
550 707 738 787 Corinthiae,
753 708 835 774 exivi
849 731 868 774 e
881 707 988 785 domo,

378 797 428 862 Ne
441 797 518 884 quid
533 794 767 881 reprehendetis
780 815 848 861 me:
870 795 945 860 novi
958 793 1044 859 enim
1059 797 1175 862 multos
1187 796 1345 868 homines

376 883 442 960 Qui
453 883 530 948 cieri
543 881 679 959 fuerunt,
696 880 776 954 elios
789 879 916 967 quidem
931 880 1092 948 oculorum
1109 903 1215 964 ceusu,
1318 897 1386 956 219

375 970 467 1044 Alios
479 990 554 1034 vero
567 968 610 1034 ob
624 981 772 1032 externe:
795 965 849 1032 ulii
863 988 938 1032 sero
951 988 991 1032 ex
1009 987 1058 1045 eo,
1073 967 1160 1055 quod
1174 971 1386 1058 quieverunt,

284 1059 291 1067 '
374 1055 645 1140 comparaverunt
658 1053 719 1118 sibi
732 1051 904 1130 infamiam,
919 1065 952 1118 et
965 1051 1146 1138 opinionem
1161 1055 1320 1145 ignavia.

372 1141 499 1208 Iustitia
512 1141 596 1206 enim
610 1161 676 1204 non
690 1139 770 1203 inest
784 1139 817 1202 in
831 1137 930 1203 oeulis
943 1135 1119 1218 hominum,

373 1225 536 1314 Quisquis,
542 1238 710 1314 nntequem
717 1224 1386 1319 hominisenimummnnifesteoognovefit,

373 1313 454 1378 Odit
465 1315 555 1378 semel
566 1311 707 1390 intuitus,
722 1309 834 1376 nulloi
858 1311 938 1376 'urin
950 1310 1088 1378 effeetus.

373 1397 510 1485 Oportet
523 1411 629 1464 nutem
641 1395 797 1482 hospitem
862 1395 903 1462 de
917 1419 951 1462 ee
965 1397 1205 1468 noeommodere
1219 1403 1365 1474 civitati:

372 1484 484 1572 Neque
498 1483 593 1550 leudo
606 1482 717 1561 civem,
732 1485 786 1569 qui
800 1495 970 1548 contumax
983 1483 1130 1564 exntens,

371 1573 510 1635 Amarus
524 1581 572 1636 est
585 1568 704 1635 civibus
717 1581 847 1654 propter
860 1567 1060 1653 imperitiam.

372 1654 457 1721 Mihi
471 1678 545 1722 vero
559 1654 629 1720 haee
643 1677 693 1720 res
706 1667 823 1741 proeter
837 1676 924 1756 spem
937 1653 1124 1745 oontingens

371 1741 525 1829 Corrupit
539 1741 697 1807 animum:
777 1741 800 1805 ii
814 1761 899 1818 vero,
915 1754 947 1806 et
961 1741 1034 1806 vitm

370 1826 541 1914 Voluptate
555 1827 669 1892 omisso
682 1825 860 1904 voomori,
875 1827 994 1892 emicoe.
1311 1843 1382 1904 230

370 1913 408 1979 In
424 1937 488 2001 quo
502 1915 585 1980 enim
600 1913 678 1978 mihi
692 1927 782 1978 erant
795 1913 911 1991 omnin,
926 1916 1026 1998 probe
1037 1913 1131 1994 nosti,

370 1999 524 2066 Pessimus
537 2001 667 2066 ammon
679 1999 845 2064 hominum
859 1999 957 2065 erosit
969 1998 1023 2064 ille
1036 2021 1124 2065 meus
1137 2003 1286 2072 meritus.

369 2085 669 2236 Omnpupmsutem,
692 2106 890 2172 quecunque
913 2099 988 2150 sunt
1009 2085 1148 2154 minute
1171 2101 1205 2154 et
1229 2105 1381 2162 merrtem

477 2195 495 2235 ⁸
558 2185 580 2248 ta

368 2257 437 2321 Nos
451 2256 596 2324 mulieres
610 2279 717 2322 sumus
731 2257 903 2324 miserrime
916 2279 1077 2347 propago:

370 2343 460 2420 Ques
469 2342 612 2429 primum
622 2357 748 2430 oportet
761 2343 905 2408 maximis
919 2344 1033 2431 opibus

368 2427 564 2513 Comparare
577 2431 735 2507 meritum,
750 2429 977 2518 dominumque
991 2431 1132 2516 eorporis

367 2516 536 2602 Aoeipere:
558 2515 614 2580 illo
628 2516 711 2580 enim
726 2515 810 2582 mulo
824 2515 917 2604 louge
928 2517 1055 2604 gravius
1064 2515 1196 2597 melum,

368 2599 412 2666 Et
425 2600 459 2665 in
473 2601 535 2666 boo
549 2601 723 2667 maximum
736 2612 781 2667 est
794 2602 980 2688 pericnlum,
995 2614 1051 2669 unt
1066 2603 1184 2670 mnium
1198 2608 1364 2698 noeipere,

366 2689 432 2753 Aut
446 2687 579 2756 bonum.
608 2687 684 2753 Non
698 2688 782 2752 enirn
798 2689 929 2754 honeste
940 2699 1010 2754 nent
1023 2689 1160 2756 divortia

366 2770 566 2852 Mulieribus,
580 2796 681 2861 neque
695 2773 769 2839 Iioet
781 2773 928 2840 ebdioore
941 2775 1100 2842 meritum.
1306 2795 1381 2854 240

367 2859 428 2924 Sed
442 2861 617 2926 venientem
633 2859 674 2924 nd
688 2881 786 2924 novos
799 2881 903 2926 mores
916 2871 947 2925 et
960 2860 1045 2949 leges

365 2945 480 3011 Votem
493 2959 708 3046 esseloportet,
723 2946 798 3032 quia
813 2967 869 3032 per
882 2969 916 3012 se
928 2949 1021 3013 aliter
1034 2945 1120 3014 hund
1134 2951 1272 3033 noverit,

365 3030 503 3108 Quulem
518 3053 656 3098 maxume
669 3033 710 3096 sit
722 3031 870 3098 habiturn
884 3031 996 3098 virum.

365 3113 410 3182 Et
424 3117 450 3180 si
464 3117 555 3182 nobis
569 3117 639 3183 haee
653 3117 780 3205 quidem
795 3119 1017 3206 peragentibus
1033 3121 1113 3190 bene

366 3200 601 3269 Cohnbitnverit
614 3203 755 3280 moritus,
770 3224 834 3269 nou
849 3203 966 3270 invitus
977 3204 1216 3306 ferensjugum,

366 3287 467 3353 Beato
480 3303 528 3354 est
540 3289 626 3355 vito:
649 3290 697 3354 siu
711 3290 826 3368 minus,
841 3292 938 3356 setius
952 3305 999 3358 est
1013 3313 1106 3374 mon.

364 3372 424 3437 Vir
436 3395 521 3456 vero,
536 3397 609 3440 oum
623 3375 709 3442 dolet
720 3391 851 3462 propter
864 3397 915 3441 res
927 3377 1124 3456 domesticas,
1223 3447 1229 3456 ,

305 3471 311 3480 ’
365 3459 464 3525 Fores
478 3483 631 3548 egressus,
643 3461 732 3528 sedet
744 3461 849 3528 cordis
863 3463 1095 3551 egritudinem,

364 3545 543 3612 Conversus
557 3560 612 3614 eut
626 3548 666 3614 ed
680 3548 818 3634 aliquem
831 3548 977 3628 ominum,
992 3564 1047 3615 aut
1061 3559 1280 3626 ooaemenmr

363 3631 428 3698 Sed
443 3655 500 3698 nos
513 3647 640 3718 oportet
653 3633 958 3720 spectereudunum
973 3635 1121 3704 animem.
1305 3649 1378 3712 250

361 3717 486 3784 Dicunt
499 3735 604 3786 nutem
618 3720 705 3808 quod
718 3742 786 3798 nos,
800 3719 1013 3807 periculorum
1027 3722 1203 3788 immunem
1216 3724 1324 3798 vitm

362 3804 515 3870 Vivumus
528 3805 626 3886 domi,
642 3808 701 3892 ipsi
714 3828 789 3872 sero
802 3829 824 3893 p
892 3819 947 3874 ent
960 3807 1062 3888 hoste,

362 3889 453 3955 Male
466 3892 651 3958 sentientes:
674 3893 750 3979 quin
764 3906 813 3958 ter
882 3891 1027 3980 clypeum

364 3976 455 4042 Stare
470 3979 589 4056 malim,
603 3999 697 4066 quem
713 3979 808 4046 semel
821 4001 943 4065 perere.

362 4061 426 4126 Sed
440 4063 527 4130 euim
540 4087 605 4130 non
619 4063 730 4130 eedem
745 4065 786 4130 ud
801 4087 851 4130 me
864 4079 896 4131 et
909 4077 941 4130 te
953 4066 1092 4152 pertinet
1105 4067 1227 4133 oretio:

361 4145 437 4212 'libi
451 4149 534 4216 euim
550 4163 598 4217 est
611 4151 682 4216 haee
696 4151 772 4217 urbs
785 4165 818 4218 et
831 4163 963 4240 peteme
975 4151 1089 4244 domus

360 4233 506 4322 Vimque
516 4237 731 4318 oommodites
747 4251 779 4304 et
792 4239 966 4306 amicorum
981 4237 1202 4320 communius,
