2882 4858
211 187 309 282 ¹uz
361 143 363 148 ’
625 175 949 246 eumarum

181 449 184 460 ’
325 441 493 526 Optimum
508 449 551 503 ert
565 437 665 502 mori:
688 439 849 526 quomodo
863 460 937 502 vero
952 438 1071 504 moriar
1085 437 1247 508 honeste?

326 526 450 611 Turpia
462 525 547 590 enim
561 535 630 590 runt
644 523 813 609 suspendia
827 523 861 586 in
875 545 957 600 aere,

325 612 506 682 Quinetiam
521 611 555 674 in
569 609 668 674 serris
682 611 736 674 ltoc
749 608 870 676 foedum
886 610 1094 689 existimetur,
1270 622 1336 679 ³00

325 697 391 763 Sed
405 697 507 762 ooedee
520 695 639 762 habeut
654 694 773 780 aliquid
787 696 931 782 generosi
946 711 978 760 et
991 695 1127 781 pulchri.

327 783 420 849 Parvi
441 795 546 848 autem
570 781 720 846 momenti
742 792 788 845 eet
805 795 940 866 tempus,
956 784 1079 848 tametsi
1100 783 1194 850 abeas
1202 785 1271 868 jun
1286 807 1331 849 ex

340 897 344 910 ·
412 872 470 934 huc
484 869 559 933 vita.

327 957 366 1022 Iu
382 970 502 1020 tentam
516 955 600 1017 enirn
617 953 772 1018 malorum
787 951 1036 1036 profunditatem
1052 957 1213 1022 venimus:

325 1044 409 1106 Nam
425 1041 495 1105 aliae
509 1040 636 1126 quidem
651 1053 783 1125 propter
797 1039 932 1104 sormam
946 1051 1014 1104 eunt
1027 1039 1134 1108 felices

326 1127 489 1204 Mulieres,
505 1147 564 1190 nos
578 1147 653 1190 vero
668 1126 729 1192 hoe
743 1126 847 1210 ipsum
863 1125 1011 1210 perdidit.

241 1213 465 1291 canelena,
480 1212 638 1296 hospitem
651 1211 706 1297 qui
721 1212 818 1288 venit,
833 1211 974 1298 quisquis
989 1224 1035 1276 est
1049 1211 1113 1289 ille,

326 1300 479 1385 Nepotes
493 1297 601 1362 omnia
614 1320 687 1361 vera
701 1297 825 1362 dixisse.

134 1433 136 1436 -
241 1385 424 1470 nua.Atqui
439 1384 522 1448 clare
532 1383 624 1460 dixit,
641 1386 788 1448 maritum
803 1405 895 1447 metm
911 1384 1049 1468 periisse

241 1494 319 1538 cero.
331 1471 428 1536 Multi
444 1492 585 1534 rumores
601 1469 799 1534 mendacium
816 1469 938 1534 ludicra
953 1483 1035 1534 sunt.

241 1556 372 1626 usmEt
384 1579 402 1620 e
415 1569 537 1635 contre,
552 1555 709 1620 Veritates
723 1555 907 1641 perspicuae.
1266 1567 1329 1622 310

239 1665 315 1710 cuo
328 1641 378 1706 Ad
389 1643 596 1706 calamitatem
609 1643 692 1705 enim
705 1640 821 1726 potius,
832 1663 928 1727 quam
937 1639 978 1705 ed
988 1641 1108 1705 bonum
1119 1663 1327 1728 espropensa.

240 1749 319 1794 ner..
327 1727 435 1794 Metus
448 1729 533 1792 enim
548 1748 598 1792 me
612 1739 798 1792 convertens
812 1728 845 1790 in
859 1727 942 1792 benc
956 1726 1157 1792 formidinem
1171 1727 1270 1794 dues.

240 1837 317 1900 cuo.
328 1813 501 1890 Quomodo
516 1835 590 1878 vero
604 1814 715 1900 gratiae
730 1814 762 1877 in
778 1813 828 1877 his
842 1812 966 1877 aedibus
980 1811 1100 1877 hebes?

149 1913 150 1920 ’
239 1921 320 1967 nen.
328 1899 449 1965 Omnes
463 1913 537 1965 aunt
553 1901 612 1964 mei
627 1900 732 1976 amici,
747 1911 863 1985 praeter
878 1921 985 1986 regem
1007 1901 1062 1985 qui
1084 1909 1223 1966 sectatur
1243 1923 1327 1966 mear

412 2008 453 2049 nu
478 1987 546 2050 tiae.

240 2093 317 2139 cuo.
328 2073 396 2138 Seis
411 2008 609 2221 igilup,hqpid
624 2069 803 2180 iaciendum
818 2071 875 2136 tibi
888 2069 951 2136 sit?
972 2071 1114 2158 relinque
1124 2071 1211 2138 huuc
1222 2074 1325 2140 locum

412 2181 445 2222 se
468 2179 519 2222 uc
544 2179 615 2221 rr-

241 2244 379 2310 usn.Ad
394 2180 488 2330 quepm
504 2265 689 2320 sermonem,
705 2257 761 2309 eut
774 2241 1028 2309 adhortationem
1043 2243 1156 2310 vedis?

240 2351 316 2396 cuo.
327 2331 472 2416 Ingressa
487 2329 519 2394 in
534 2330 627 2404 tedes,
644 2333 741 2411 illam,
756 2353 828 2416 quae
843 2331 950 2394 omnia
962 2331 1062 2412 norit,

327 2415 380 2482 Ex
396 2417 517 2479 marina
534 2415 670 2480 Nereide
685 2429 791 2480 natam
807 2415 956 2502 puellam,

324 2501 500 2568 Theonoen
516 2502 685 2588 interroga,
701 2523 742 2565 an
758 2517 830 2567 tuus
845 2503 975 2568 maritus
989 2500 1094 2568 adhuc
1108 2502 1202 2580 duat,

326 2592 379 2653 An
396 2610 470 2653 vero
485 2587 645 2673 reliquerit
658 2587 780 2652 luoem:
803 2588 858 2652 ubi
873 2610 949 2653 vero
965 2590 1043 2652 bene
1056 2611 1117 2654 rem
1132 2589 1318 2676 eognoveria,

327 2675 392 2740 Pro
404 2673 532 2740 fortune
544 2673 663 2762 gaudio
677 2673 726 2737 vel
739 2673 839 2739 luctui
854 2674 990 2761 indulge.
1262 2683 1315 2740 ³21
1425 2731 1426 2752 ,

326 2760 408 2826 Nam
424 2762 607 2847 priusquam
624 2760 801 2824 reetescies
815 2759 945 2847 aliquid,
960 2760 1038 2848 quid
1052 2760 1109 2826 tibi
1124 2761 1264 2846 proderit

326 2849 361 2912 Si
375 2845 508 2912 doleas?
530 2845 747 2922 Quamobrem
763 2846 947 2932 obtempera
961 2845 1049 2912 mihi.

326 2932 451 2998 Relicto
465 2932 527 2997 hoe
541 2931 718 3018 sepulchro,
734 2933 901 2997 eonvenies
914 2932 1063 3018 puellam,

325 3018 423 3084 Unde
436 3019 514 3082 scies
529 3019 654 3098 omnia3
678 3039 786 3082 verum
802 3019 1014 3106 cognoscendi

324 3101 662 3238 Facultatemvhabene
687 3104 718 3167 in
746 3103 795 3168 his
820 3105 952 3182 sedibus,
976 3105 1050 3191 quid
1077 3121 1257 3192 prospectae
1277 3104 1319 3172 ul·

410 3206 525 3256 terma.
909 3219 912 3236 =

323 3276 406 3341 Volo
420 3291 524 3341 eutem
540 3289 571 3340 et
586 3299 645 3364 ego
661 3290 764 3340 tecum
778 3275 902 3364 ingredi
916 3275 1059 3356 domum,

323 3361 366 3426 Et
381 3362 473 3427 simul
487 3360 597 3427 audire
610 3363 740 3449 virginis
753 3363 897 3428 oracula:

324 3447 443 3514 Mulier
457 3449 542 3514 enim
556 3447 652 3514 debet
664 3447 825 3514 mulierem
841 3451 999 3533 adjuvare.
1112 3515 1119 3526 ,

237 3535 455 3612 tremAmicae,
471 3557 631 3599 sermones
645 3547 765 3599 vestros
778 3533 963 3620 amplector.
1261 3543 1320 3600 8³⁰

322 3619 382 3703 lte,
396 3622 438 3688 ite
452 3621 550 3708 igitur
563 3622 595 3684 in
610 3618 752 3700 domum,

323 3708 362 3772 In
377 3708 500 3774 aedibus
514 3706 698 3772 discrimina

321 3793 370 3860 Ut
383 3795 519 3859 audietis
533 3815 615 3858 mea.

235 3881 311 3946 erro.
322 3879 425 3946 Vocas
440 3902 505 3945 non
520 3902 605 3966 tegre
620 3878 787 3945 volentem.

237 3969 351 4030 nemo
365 3967 449 4032 diem
464 3965 618 4030 infelicem
631 3963 638 4030 l

321 4051 428 4129 Quam
443 4051 540 4139 igitur
555 4052 668 4116 misera
682 4073 750 4137 ego,
766 4074 860 4140 quem
877 4052 1029 4136 laeryma-

271 4201 274 4206 .
319 4138 413 4204 bilem
429 4139 604 4203 orationem
619 4135 770 4202 audiam?
867 4195 874 4212 ,

234 4223 372 4288 morte
385 4245 530 4310 praeaege
543 4223 690 4288 dolorum

1425 191 1426 236 l

326 353 463 420 Habitat
476 371 548 417 curn
562 350 822 429 muliereetlux
836 361 882 416 est
894 352 1008 430 innisa,
