2852 4862
412 297 418 314 ,
499 208 765 278 naccam.
1110 225 1173 286 ιιι

177 385 300 454 Multas
314 399 418 452 autam
435 401 553 452 evertes
567 409 639 453 cum
654 389 753 474 copiis
767 387 940 456 innumeris

176 473 300 542 Urbesc
322 472 450 560 quando
463 494 539 537 vcro
552 473 708 560 Apollinis
722 474 884 540 oraculum

294 559 372 626 alati
385 557 512 638 fuerint,
526 559 659 624 reditum
675 559 830 629 infelicem
845 575 931 626 retro
1091 572 1173 632 tato

177 646 235 711 Ha
297 659 372 712 unt:
386 644 442 710 sed
458 643 549 712 Mars
563 658 604 724 te,
619 659 651 710 et
667 645 878 712 Harmoniam
894 647 1051 726 liberabit,

176 731 410 818 Raetorumque
423 731 457 796 in
472 745 555 796 terra
569 745 655 796 tuam
670 732 837 798 collocabit
851 735 958 802 vitam.

175 817 262 885 Hac
276 840 342 882 non
356 816 482 882 mortali
497 829 586 902 patre
600 832 693 884 natus
707 817 780 883 dico

178 903 333 982 Bacchus,
348 903 401 968 sed
413 926 454 968 ex
470 904 569 968 Jove:
593 905 618 969 si
634 927 709 970 vero
722 927 831 990 sapere

176 989 372 1064 voluissetis,
390 988 517 1076 quando
531 988 684 1068 noluistis,
699 991 788 1057 Jovis
804 992 903 1056 hlium
974 1051 977 1062 .

177 1075 305 1142 Socinm
321 1074 472 1140 hahentes
486 1075 727 1142 beati'suissetis.

95 1181 165 1228 ctu.
177 1161 313 1241 Bacche,
329 1161 485 1246 supplices
499 1161 557 1228 tibi
572 1184 690 1243 sumus,
704 1164 913 1249 peccavimus.

96 1267 166 1314 aaa.
179 1249 258 1314 Sero
273 1247 462 1332 cognovistis
477 1270 551 1312 nos:
572 1261 607 1312 at
621 1271 693 1313 cum
709 1249 886 1334 oportebat,
902 1269 967 1314 non
981 1252 1109 1316 noratis.

95 1355 164 1399 cau.
178 1335 388 1422 Agnoscimus
404 1332 489 1412 hoec3
512 1333 567 1398 aed
581 1336 776 1422 persequeris
790 1337 931 1400 nimium.

95 1439 163 1486 nac.
177 1419 438 1486 Etenimavobis
452 1419 597 1496 laedebat,
614 1443 686 1486 curn
701 1443 798 1486 essem
813 1423 899 1488 dens.
1089 1431 1172 1490 1300

95 1525 162 1572 can
176 1506 335 1572 Conremt
348 1507 424 1571 deos
438 1528 501 1570 non
518 1529 584 1571 ease
597 1507 713 1572 similes
728 1507 891 1574 iracundia
906 1505 1099 1575 hominihus.

96 1611 163 1658 asc.
179 1593 263 1658 Hac
273 1594 339 1678 jam
355 1593 477 1674 pridem
492 1593 620 1678 Jupiter
634 1615 721 1658 meus
736 1605 824 1679 pater
839 1594 960 1658 annuit.

95 1699 147 1742 ac.
179 1677 266 1754 Heu,
282 1677 363 1744 heul
389 1679 528 1744 Decreta
541 1690 625 1757 sunt,
642 1681 674 1746 Ο
689 1701 797 1758 senex,
813 1681 927 1745 misera
941 1677 1044 1744 exilia.
1080 1675 1084 1692 ’

95 1785 164 1829 cru.
178 1763 211 1830 0
226 1763 302 1845 lilia,
316 1765 459 1830 venimus
473 1766 505 1828 in
521 1767 609 1830 triete
624 1765 753 1843 malum,

177 1849 294 1938 Tuque
308 1851 430 1930 misere,
446 1872 630 1938 sororesque
645 1865 709 1918 tuae
722 1853 838 1930 charte,

178 1935 220 2002 Et
233 1960 293 2028 ego
308 1935 425 2001 infelix.
470 1939 521 2002 Ad
534 1937 684 2004 barbaros
698 1939 752 2001 ibo

177 2023 280 2090 Senex
296 2023 485 2109 inquilinus:
509 2035 542 2088 et
554 2023 659 2089 adhuc
672 2023 748 2088 rnihi
765 2023 826 2088 hoo
842 2035 884 2088 est
899 2025 1003 2102 fatale,

177 2109 215 2174 ln
231 2109 393 2174 Graeciam
408 2108 524 2174 ducere
538 2111 673 2175 mixtum
689 2109 889 2176 barbaricum
905 2111 1088 2178 exercitum.

179 2194 219 2260 Et
237 2195 449 2261 Harmoniam
467 2193 582 2260 Martis
598 2194 705 2274 liliam,
721 2219 821 2262 meam
836 2201 1015 2288 conjugem,

178 2279 363 2366 Egoscrtus
375 2280 482 2360 draco,
498 2281 654 2347 dracaena
668 2295 814 2348 naturam
829 2283 999 2351 habentem
1011 2283 1121 2360 serato,

176 2366 302 2432 Ducam
318 2366 359 2433 ad
373 2389 453 2446 aras,
469 2381 501 2434 et
570 2367 679 2433 ulchra
695 2369 892 2449 Groecmica,
1091 2377 1169 2435 1811

176 2453 257 2518 Dux
271 2454 437 2534 exercitus,
451 2453 545 2518 necli
587 2453 683 2520 rabor

179 2540 206 2604 A
222 2539 314 2604 malis
328 2537 447 2617 infelix,
463 2561 522 2606 nec
536 2543 579 2605 ud
592 2540 749 2606 infernum

175 2625 357 2692 Acheronta
370 2628 532 2727 navigans,
548 2627 671 2712 quietus
685 2651 751 2695 ero.

97 2731 147 2774 ac.
177 2711 210 2779 Ο
223 2725 323 2798 pater,
339 2733 400 2814 epo
414 2713 510 2800 igitur
524 2727 555 2778 te
569 2713 697 2778 orbatus
712 2712 860 2780 exulabo.

96 2817 165 2862 can.
179 2797 256 2875 Cur,
273 2800 304 2862 0
318 2820 431 2862 mrsera
445 2797 521 2876 lilia,
537 2821 588 2864 me
601 2800 746 2864 manibus
761 2799 966 2886 amplecteris,

176 2883 253 2949 Ales
267 2898 303 2951 ut
318 2883 424 2950 hicum
439 2884 576 2950 candido
590 2907 725 2972 corpore
739 2887 910 2972 praeditum
926 2883 1069 2974 cygnus?

96 2989 147 3032 ac.
178 2969 255 3048 Quo
269 2971 353 3035 enim
368 2993 420 3036 me
434 2983 552 3036 vertam
567 2973 666 3036 e'ecta
680 2993 721 3036 ex
734 2971 861 3073 patria?

96 3075 166 3122 csn.
179 3057 303 3134 Nescio,
319 3059 350 3122 Ο
364 3053 448 3122 lilia:
470 2995 634 3122 imbecillis
648 3058 819 3125 auxiliator
833 3069 877 3122 est
893 3059 946 3123 tihi
960 3071 1059 3145 pater.

95 3161 146 3206 ac.
174 3141 264 3220 Vale,
281 3142 315 3210 0
329 3143 452 3221 domus,
467 3143 544 3222 vale,
561 3145 593 3210 Ο
607 3145 710 3230 patria
1093 3149 1176 3208 1820

175 3231 310 3294 Civitas:
334 3229 444 3294 desero
458 3243 490 3294 te
504 3251 576 3294 cum
592 3229 776 3312 infortunio,

175 3315 316 3382 Exulans
329 3339 369 3380 cx
383 3315 534 3381 thalamo.

96 3421 166 3464 can.
176 3401 276 3478 Vade,
293 3400 327 3468 Ο
341 3401 416 3476 filia,
432 3405 476 3466 cd
489 3401 616 3467 Aristaei
632 3415 758 3468 terram.

97 3507 146 3552 ac.
172 3485 286 3554 Priror
301 3503 341 3566 te,
359 3487 505 3573 Opater.
549 3511 623 3554 can.
648 3489 691 3554 Et
704 3512 764 3578 ego
779 3500 816 3567 te,
834 3488 956 3567 Ofilia,

175 3573 218 3640 Et
230 3589 303 3640 toas
318 3573 451 3658 deploro
464 3595 598 3640 sorores.

96 3679 142 3724 sc.
172 3661 330 3726 Atrociter
344 3661 440 3740 enim,
455 3661 603 3726 atrociter
618 3661 702 3726 hanc
716 3659 923 3728 calamitatem

175 3745 321 3812 Bacchus
336 3769 391 3812 rex

174 3833 211 3898 ln
225 3845 314 3899 tuam
329 3831 459 3898 domum
475 3835 592 3900 intulit.

95 3936 161 3984 eac.
172 3919 298 3984 Etenim
313 3919 456 4006 patiebar
469 3923 587 3986 atrocia
601 3944 620 3983 a
634 3920 732 3998 robis,

175 4005 309 4072 Habeas
323 4027 440 4070 nomen
455 4007 523 4071 sine
536 4004 658 4072 honore
673 4005 804 4072 Thebis.

97 4109 146 4154 tc.
172 4091 261 4170 Vale,
279 4093 312 4158 Ο
326 4105 427 4176 pater,
444 4093 542 4158 mihi:

98 4197 163 4242 cac.
169 4177 250 4244 Vale
263 4193 295 4244 et
310 4193 356 4256 tu,
373 4179 487 4245 misera
501 4176 582 4244 lilia:

174 4263 354 4332 Difficulter
368 4287 407 4330 ec
420 4267 528 4332 venire
540 4266 674 4352 poterim
697 4275 730 4329 ut
744 4267 856 4330 volsce
