2852 4862
658 196 987 268 EURIPIDIS

364 369 503 438 Insulam
519 369 660 448 Veneris,

366 458 434 524 Ubi
450 455 618 522 mulcentes
633 457 774 522 animum
789 457 916 544 dispen-

365 559 475 608 santur
490 543 674 606 mortalibus
688 565 825 608 amoresr

328 667 333 680 ·
365 631 409 696 Bt
423 632 455 692 ia
471 627 738 729 Paphum-quam
755 628 892 712 pulchro
905 629 972 693 otio
986 643 1133 696 exeuntes

367 715 502 781 Barbari
516 715 653 778 fluminis
668 737 760 800 aquae

366 800 563 887 Frugiferam
580 800 717 864 reddunt
730 800 796 866 alne
812 800 983 866 imbribus:

366 888 408 952 Et
424 886 477 951 ubi
493 887 707 985 pulcherrima

270 986 273 994 “
365 975 405 1038 In
421 973 526 1038 Pieria
541 971 706 1037 Musarum
722 971 810 1036 sedes
825 984 879 1050 est,

367 1061 462 1126 Sacer
476 1059 573 1123 cliens
589 1057 733 1144 Olympi.

366 1146 447 1212 Illuc
460 1147 523 1210 duc
538 1166 589 1209 me
605 1145 744 1222 Bromie,
760 1145 900 1225 Bromie,

367 1230 491 1298 Bacche
505 1231 599 1296 deus:
1299 1237 1354 1295 390

366 1318 436 1382 Illic
449 1328 519 1382 mat
534 1317 689 1394 Charites,
705 1315 769 1380 illle
784 1328 827 1380 est
842 1318 958 1380 Amor:

367 1404 435 1468 Illic
450 1404 544 1468 etiam
564 1402 695 1468 Bacchis
708 1400 754 1466 fas
769 1413 813 1468 est
825 1403 915 1488 orgia
929 1401 1096 1468 celebrere.

367 1489 434 1554 Hic
448 1489 534 1566 deus,
551 1489 633 1553 filius
647 1488 745 1569 Jovis,
1227 1496 1302 1576 (aut.
1316 1485 1354 1566 2.)

367 1575 494 1640 Gaudet
508 1575 635 1662 quidem
650 1575 730 1638 laetis
744 1574 903 1652 conviviis,

367 1664 466 1726 Amat
480 1684 554 1726 vero
568 1661 915 1726 divitiarum-datricem
936 1659 998 1724 Pa·

366 1770 444 1826 cem,
455 1747 763 1834 juvenumaltricem
777 1745 881 1811 deam.

365 1833 532 1921 AEqualem
547 1848 652 1898 autem
667 1847 698 1898 et
713 1833 803 1897 diviti

364 1919 411 1984 Bt
425 1923 555 2005 pauperi
571 1915 627 1984 dai
642 1919 758 1984 habere

367 2006 442 2070 vini
457 2007 696 2072 delectationem
712 2018 869 2070 carentem
884 2005 1026 2070 tristitia:

366 2091 445 2158 Odit
459 2106 574 2169 autem,
590 2093 642 2158 cui
656 2090 726 2156 haec
741 2113 803 2156 non
819 2105 893 2156 sunt
905 2113 1000 2167 curas,
1015 2093 1140 2168 scilicet,
1301 2095 1356 2151 400

367 2177 431 2243 Per
444 2179 526 2243 diem
542 2191 574 2243 et
588 2190 694 2266 gratas
710 2189 828 2258 noctes,

362 2263 495 2342 ,Loetum
509 2266 629 2330 vivere:

369 2351 530 2435 Sapientia
543 2363 647 2416 autem
663 2361 718 2428 ert,
733 2349 889 2416 abstinere

366 2437 517 2501 Animum
532 2451 742 2523 mentemque,

367 2523 399 2588 A
410 2521 485 2587 viria
500 2523 645 2588 novitatis
659 2523 817 2588 studiosis.

367 2608 411 2675 Et
449 2609 510 2674 uod
526 2607 639 2692 vulgus
652 2626 747 2674 tenue

368 2694 434 2761 Pro
503 2709 533 2761 et
547 2697 657 2774 utitur,
673 2695 734 2760 hoc
747 2694 888 2781 profecto
902 2693 1048 2780 amplecti
1061 2693 1157 2762 lubet.
1277 2745 1283 2763 .

282 2781 523 2861 ratr.l’entheu‚
539 2782 702 2862 adsumus,
717 2795 811 2868 capta
825 2781 884 2845 hac
898 2781 1018 2865 praeda,

368 2869 421 2933 Ad
436 2891 530 2956 quam
545 2891 599 2934 nos
612 2869 732 2946 misisti,
750 2891 852 2954 neque
867 2869 971 2932 conati
985 2891 1091 2934 sumus
1104 2868 1207 2934 irrita.

271 2965 274 2972 '
310 2963 313 2968 '
369 2953 454 3021 Haee
468 2956 552 3020 enim
567 2953 632 3019 fera
646 2953 811 3036 nobissuit
824 2953 958 3040 placida,
975 2977 1075 3041 nequo
1088 2955 1248 3022 subtraxit
1303 2959 1359 3016 410

369 3040 487 3106 Pedem
502 3040 586 3128 iuga,
602 3040 656 3105 sed
670 3063 735 3106 uon
749 3041 847 3104 iuvita
862 3039 993 3104 tradidit
1009 3063 1128 3120 uranus

368 3125 480 3211 Neque
493 3127 717 3211 expallescens,
735 3149 837 3213 neque
850 3127 984 3192 mutavit
998 3125 1109 3192 rubras
1122 3151 1232 3215 genas,

369 3213 432 3276 Sed
448 3213 552 3278 ridens
566 3224 597 3277 et
611 3235 644 3278 se
658 3213 749 3300 ligari
764 3225 796 3276 et
810 3213 925 3277 abduci
934 3213 1037 3299 jussit,

368 3297 413 3363 Et
423 3301 546 3376 mansit,
562 3321 664 3364 meam
678 3321 807 3384 operam
823 3297 944 3363 facilem
958 3297 1101 3364 reddens.

272 3459 275 3464 ¹
347 3463 352 3470 ι
370 3384 442 3474 Ego
455 3397 560 3450 autem
574 3407 643 3472 proe
657 3385 780 3470 pudore
794 3384 881 3449 dixi:
905 3383 937 3448 Ο
952 3384 1075 3470 hospes,
1092 3385 1210 3453 invitus

368 3471 463 3537 Duco
476 3483 518 3548 te,
535 3473 587 3536 sed
603 3471 752 3536 mandato
770 3469 910 3546 Penthei,
927 3471 980 3556 qui
996 3493 1047 3535 me
1062 3473 1159 3538 misit.

368 3557 459 3634 Quas
472 3579 569 3642 porro
584 3571 617 3622 tu
635 3557 773 3623 Bacchas
784 3557 969 3632 incluseras,
985 3580 1061 3642 quas
1075 3581 1226 3644 rapueras

370 3641 413 3708 Et
426 3643 578 3732 ligaveras
589 3644 622 3706 in
638 3643 768 3709 vinculis
785 3643 900 3728 publici
915 3643 1058 3722 carceris,

368 3729 438 3794 Illae
453 3729 564 3815 procul
578 3729 727 3814 profectae
742 3729 853 3794 solutoe
868 3751 998 3794 nemora

371 3816 503 3893 Salioru,
521 3815 685 3882 Bromium
701 3818 882 3880 invocantes
895 3815 998 3880 deum.
1305 3829 1364 3884 400

370 3902 436 3968 Sua
449 3915 561 3987 sponte
576 3925 650 3968 vero
666 3901 789 3966 vincula
803 3901 919 3987 pedum
936 3902 1031 3986 ipsius
1045 3902 1148 3969 soluta
1161 3921 1247 3984 sunt,

370 3986 579 4075 Claustraque
593 3989 738 4052 laxarunt
751 3987 843 4064 iores,
860 3990 928 4053 sine
941 3987 1066 4054 mortali
1081 4012 1189 4056 manu.

370 4071 438 4138 Hic
451 4088 555 4140 autem
570 4077 617 4138 vir
631 4076 716 4141 venit
729 4073 841 4160 plenus
854 4073 961 4138 multis
976 4073 1135 4140 miraculis

372 4159 423 4222 Ad
438 4157 531 4224 hasce
546 4159 693 4225 Thebas:
717 4161 773 4225 tibi
789 4159 885 4248 igitur
899 4155 1183 4229 caeteracurreesse
1198 4165 1351 4230 roumalt

284 4263 360 4308 rau.
371 4243 572 4310 Praehendite
586 4267 697 4312 manus
712 4247 819 4312 istiuas
842 4269 913 4312 cum
929 4247 969 4311 sit
984 4249 1068 4312 enim
1084 4246 1116 4312 in
1133 4251 1270 4316 cassibus
