2862 4864
207 173 303 270 'aas
476 183 479 190 ’
618 193 950 266 eumenus

324 370 410 448 Quae,
424 379 496 432 sunt
511 367 630 453 scripta
644 367 676 430 in
691 365 832 452 epistulae
846 365 937 452 plicis

321 457 439 523 Dicam
455 453 512 518 tibi
527 454 630 518 verbis
644 466 680 517 ut
693 453 801 518 omnia
813 452 913 538 possis
927 452 1082 520 nunciare
1096 455 1216 538 amieis,

325 544 390 608 Res
404 542 489 606 enim
503 540 537 604 in
551 549 620 604 tuto
634 553 697 604 est:
722 537 806 624 quod
821 539 849 622 si⁸
862 539 995 604 servaris
1009 539 1125 620 literas,

328 630 404 694 mm
418 627 496 712 ipsae
511 627 618 691 dicent
632 637 779 702 tacentes,
794 639 953 710 quaesunt
967 626 1135 713 inscripta:

324 715 361 781 Si
375 735 450 778 vero
464 713 565 778 literae
579 712 612 776 in
628 711 708 776 mari
723 709 835 774 deletae
849 710 965 776 fuerint
980 712 1061 791 istoe,

325 802 470 884 Corpore
483 811 619 880 servato,
633 797 703 863 hec
719 796 816 861 verba
829 796 966 862 servabis
981 797 1068 864 mibi.

237 908 310 954 em.
325 887 426 951 Recte
440 885 549 950 dixisti
565 885 708 950 Deorum
724 883 848 968 meique
863 905 967 950 causa.

324 971 476 1060 Significas
491 972 587 1058 igitur
601 970 653 1034 cui
667 979 812 1054 oporteat
828 968 883 1032 bas
897 968 1002 1036 literas
1016 970 1099 1036 ferre

323 1061 440 1146 Argos,
456 1069 487 1122 et
502 1057 577 1144 quid
593 1056 698 1121 dicere
713 1067 856 1140 oporteat
870 1077 921 1119 me
935 1057 1089 1122 audivisse
1102 1079 1141 1122 ex
1156 1069 1199 1124 te.
1261 1064 1325 1126 7⁵0

240 1167 313 1212 teu.
326 1147 449 1210 Nuncic
466 1142 653 1223 Oresti,filio
668 1142 918 1224 Agamemnonis
929 1164 983 1205 :—

322 1233 363 1296 In
377 1231 492 1294 Aulide
507 1229 668 1314 interficia
682 1228 770 1290 mittit
786 1227 842 1292 ltus
856 1228 960 1292 literas

329 1319 406 1381 Vana
422 1314 598 1400 Iphigenia,
614 1334 681 1464 pue
696 1315 770 1390 illis,
782 1315 836 1397 qui
851 1315 919 1378 istic
932 1325 1012 1390 mat,
1028 1335 1086 1378 uon
1096 1317 1172 1380 vicit
1183 1318 1324 1402 amplisu.
1425 1325 1426 1364 i

237 1424 313 1469 onn.
327 1402 394 1468 Ubi
408 1423 483 1466 vero
497 1400 552 1465 illa
566 1413 612 1465 est
656 1419 733 1462 num
749 1412 875 1464 mortua
888 1401 1022 1464 revixit?

237 1511 309 1556 mu.
320 1488 426 1565 Quam
441 1486 537 1564 vides,
553 1485 608 1550 illa
621 1498 683 1549 est:
709 1507 748 1550 ne
764 1495 795 1549 tu
808 1507 859 1549 me
873 1509 893 1550 a
906 1507 1049 1552 sermone
1062 1485 1195 1573 depelle.

325 1576 430 1640 Deduc
444 1595 491 1636 me
506 1573 618 1658 Argos,
626 1569 741 1651 frater,
757 1571 931 1670 priusquam
945 1573 1065 1649 morior,

321 1663 374 1726 Eo
390 1661 447 1723 lmc
462 1670 542 1723 terra
556 1661 686 1723 borbore
701 1669 728 1722 et
744 1658 886 1722 obducito
900 1680 921 1722 a
935 1659 1001 1723 dece

324 1748 438 1823 Sacris,
455 1747 489 1809 iu
503 1745 610 1829 quibua
624 1764 730 1808 munus
744 1743 1184 1826 hospitum-interficimdomm
1198 1745 1303 1810 lmbeo.

239 1832 355 1898 onmP
375 1831 457 1907 lade,
475 1829 551 1916 quid
565 1829 692 1894 dicam?
714 1827 842 1894 ubinam
859 1830 1023 1896 existentes
1038 1831 1156 1895 inventi
1172 1830 1304 1898 sumus?

239 1939 316 1983 aen.
358 1915 828 2000 uttuaesccleatafomilioefiam
1261 1926 1324 1988 760

326 2004 455 2081 Orestes,
470 2016 507 2066 ut
521 2025 628 2066 rursus
643 2023 757 2066 nomen
773 2001 821 2066 bis
836 2001 966 2068 audiena
981 2003 1070 2068 scias.

237 2109 315 2156 ean.
324 2088 409 2154 Proh
425 2086 519 2152 deos!
565 2107 637 2153 mn.
662 2088 729 2152 Cur
741 2087 818 2151 deos
832 2089 958 2154 invocas
973 2089 1007 2152 in
1021 2088 1097 2154 meis
1110 2088 1227 2155 rebus?

237 2197 308 2243 em.
322 2174 428 2240 Nihil:
452 2187 582 2258 pertexe
596 2173 710 2238 modos
734 2173 912 2238 aberrarem
926 2173 1010 2240 enim
1025 2174 1205 2275 cogitando

325 2260 407 2326 Mox
424 2260 520 2348 igitur
534 2273 566 2324 te
579 2260 776 2348 interrogans
790 2259 831 2326 nd
846 2273 931 2326 certe
943 2282 1134 2347 pervenmm.

238 2369 311 2414 mn.
323 2348 387 2412 Dic
404 2348 516 2424 Oresti,
532 2347 616 2432 quod
631 2369 746 2412 cernam
760 2349 837 2412 dans
846 2349 911 2430 pro'
921 2369 967 2412 me
980 2349 1040 2410 deo

323 2435 435 2498 Diana
448 2434 580 2496 cnvenit
594 2454 649 2510 me,
666 2437 768 2517 (quom
781 2455 897 2498 cernam
911 2434 1055 2498 nmctnvit
1068 2456 1151 2498 masa
1159 2445 1267 2516 pater,

322 2519 394 2584 Cum
404 2528 529 2602 putaret
543 2540 575 2582 se
588 2518 619 2582 in
633 2540 687 2582 nos
701 2529 818 2582 cautim
833 2540 931 2584 ciuem
947 2522 1133 2598 immittere)

321 2607 368 2670 Et
380 2606 411 2668 iu
426 2605 505 2668 bunc
519 2614 627 2668 imam
639 2605 816 2670 collocavit.-
838 2603 890 2668 hm
903 2615 974 2670 sunt
987 2605 1192 2670 melitem:

321 2692 368 2756 Et
383 2690 452 2756 baec
466 2704 541 2755 sunt
554 2690 671 2776 scripta
684 2691 717 2754 in
732 2690 840 2756 literis.

237 2775 438 2863 eua.0quae
451 2799 503 2842 me
517 2775 598 2840 facili
609 2776 817 2878 jurejurando
830 2775 1040 2856 obstrinxisti,
1261 2785 1324 2848 770

322 2861 366 2927 Et
377 2885 448 2949 quae
459 2861 669 2948 pulcherrime
673 2862 798 2948 Jnrasti,
807 2884 871 2927 nou
884 2863 1018 2928 multum
1030 2866 1178 2930 morabor
1187 2878 1325 2952 tempus,

323 2949 366 3013 Et
374 2949 605 3035 jusjurandum,
622 2949 707 3036 quod
716 2950 831 3035 juravi,
846 2951 1077 3033 praestabimus.

321 3033 416 3112 Ecce,
432 3033 499 3099 fero
513 3035 571 3100 tibi
587 3035 692 3100 literas
704 3050 739 3120 et
752 3035 854 3114 trado,

321 3123 459 3199 Orestes,
475 3122 515 3185 ab
531 3121 590 3186 bec
604 3133 660 3186 tua
673 3142 790 3187 sorore.

235 3227 312 3272 one.
326 3206 474 3290 Accipio:
497 3208 644 3272 omittens
659 3229 733 3272 vero
746 3207 907 3272 literarum
922 3207 1034 3294 plicas,

321 3291 521 3377 Voluptatem
537 3293 674 3378 primum
690 3314 755 3358 non
768 3294 872 3360 verbis
886 3297 1026 3380 ctfcctis
1040 3296 1175 3382 capiam.

321 3379 354 3444 0
368 3377 550 3444 charissimo
563 3379 641 3444 mibi
657 3401 757 3456 soror,
814 3379 934 3446 renisus

321 3464 535 3530 Nihilominus
549 3465 684 3531 brachiis
698 3487 774 3551 amp
786 3479 890 3532 ectens
905 3469 958 3532 vix
973 3465 1184 3544 credentibus,

321 3551 454 3638 Capiam
469 3551 671 3638 voluptatem,
686 3552 817 3616 audiena
831 3553 1016 3620 admiranda
1029 3552 1119 3618 mibi.

235 3637 540 3724 cuo.Hospea‚non
556 3639 724 3704 rectedeae
738 3639 913 3705 ministrem
1262 3649 1331 3712 780

320 3723 441 3789 Polluia
457 3726 702 3812 non-tangendis
716 3725 943 3812 circumjiciens
957 3724 1057 3812 peplis
1071 3745 1214 3792 manum.

234 3809 353 3876 one.0
367 3833 457 3876 soror
471 3833 508 3875 ac
522 3832 563 3874 ex
577 3812 687 3876 eodem
702 3825 792 3896 patre

319 3897 558 3983 Agamemnone
571 3909 655 3975 nats,
671 3920 713 3964 ne
726 3919 776 3960 me
791 3898 950 3978 averseris,

320 3981 404 4046 Cum
432 3997 537 4048 teneas
565 3981 704 4062 fratrem,
728 4006 821 4070 quem
847 4005 911 4050 non
938 3983 1053 4071 putasti
1078 3993 1110 4048 te
1137 3981 1329 4052 babituram

408 4090 449 4130 nn
474 4091 556 4133 uam.

233 4173 303 4218 mu.
315 4151 427 4239 Egone
442 4090 473 4219 tle
487 4175 591 4220 meum
607 4151 734 4220 fratrem
751 4162 858 4220 teneo?
882 4179 945 4220 non
958 4153 1080 4222 desines
1094 4155 1147 4222 boc
1161 4155 1297 4222 dicere?

318 4241 425 4328 Argos
438 4241 522 4306 enim
537 4252 582 4306 est
596 4241 655 4326 ipsi
670 4256 703 4308 ot
720 4242 858 4328 Nauplia
872 4242 984 4308 vicine·
