2802 4858
290 217 481 296 nnnnnnunus
502 175 804 300 conounnus.
966 235 1023 302 uer

190 397 401 466 litniiiuenersnds
410 399 540 468 simmam
551 421 632 468 senu-
704 481 706 487 A

184 485 458 572 perinterDmsuenstur.

183 571 603 652 seleucenutrirsetulsautelores

178 657 533 743 Hanopostsnsextrsslonum:
963 667 1023 730 170

175 743 252 810 Tristis
261 758 333 810 auten
343 746 512 830 superciliorum
528 747 626 813 nubes
641 761 782 837 augetur.

171 829 283 906 Quidnam
294 833 323 895 sit
332 833 376 909 los,
386 833 440 897 scire
450 835 527 920 cupit>
542 834 664 900 animus
678 857 767 913 meus,

167 915 315 993 Quidlaeserit

161 1002 342 1090 Conpusreginae
353 1005 471 1153 pristinum
483 1005 615 1072 solonem
631 1019 786 1074 mutatum
801 1007 931 1074 habens.
1051 1025 1057 1036 ·

123 1088 177 1154 unO
186 1088 304 1153 lominum
315 1111 351 1154 nu
362 1113 375 1154 s
385 1091 535 1178 morbosque
549 1092 692 1159 odiosos!

151 1173 215 1250 Quid
280 1175 321 1240 tibi
331 1176 430 1242 luciam?
445 1179 507 1266 quid
522 1201 599 1244 uero
612 1201 677 1244 non
693 1179 829 1245 faciam?

144 1259 207 1325 Eone
217 1196 322 1327 tillires
332 1262 372 1328 lua
383 1263 453 1346 class,
464 1287 530 1330 eece
542 1264 595 1330 hic
610 1287 671 1343 aer,
688 1271 699 1283 “

138 1347 263 1433 Extraqua
272 1347 370 1414 domans
377 1351 428 1435 jann
439 1361 472 1416 erl
484 1351 618 1417 morbidi

135 1433 220 1498 Cubile
229 1433 300 1498 lecti:
1008 1475 1010 1482 ·

129 1519 188 1584 Huc
199 1521 264 1584 enim
276 1520 365 1600 uenire,
378 1523 528 1587 eratomnis
542 1545 645 1588 sermo
658 1537 751 1590 tusus:
960 1531 1020 1588 180

123 1605 198 1670 Brevi
209 1627 267 1670 sero
277 1628 364 1671 rursus
376 1607 505 1672 festinabis
519 1611 552 1674 in
567 1610 739 1675 thalamos:
766 1649 770 1656 ·

123 1691 181 1756 lam
195 1693 246 1756 cito
257 1694 363 1775 mauris
374 1707 399 1758 et
410 1694 481 1759 nullu
494 1717 527 1759 re
541 1697 678 1784 gaudes:

123 1780 199 1864 leque
211 1778 257 1929 tpibi
267 1779 352 1862 placet
363 1781 431 1866 quod
444 1781 533 1858 adest,
548 1783 634 1869 quod
642 1803 718 1847 vero
731 1801 796 1846 non
811 1781 908 1860 adest,

123 1865 208 1929 luastius
241 1866 308 1930 ucis:
371 1897 373 1904 >

123 1951 209 2014 scilins
219 1963 308 2016 autem
321 1962 359 2016 est
368 1963 512 2040 egrotare,
528 1975 622 2040 qnam
636 1967 844 2043 oegrotautem
858 1973 985 2030 eurare3

123 2037 158 2100 nd
183 2037 256 2101 eninr
280 2050 321 2103 est
344 2037 460 2124 simplex
491 2043 611 2118 malum,
641 2062 714 2106 cum
743 2039 804 2105 hon
831 2061 907 2105 uero
943 2060 1018 2110 con-

143 2125 260 2208 junctus
272 2135 313 2189 est

123 2211 219 2296 larque
232 2211 331 2275 mentis
344 2231 544 2298 manuumque
557 2212 657 2277 labor.

123 2297 164 2359 nis
176 2297 253 2360 enim'
265 2296 417 2361 hominum
430 2298 489 2362 nita
503 2309 547 2363 est
560 2296 652 2382 plena
665 2299 785 2376 dolone,

123 2405 158 2445 ue
170 2395 214 2446 est
223 2383 338 2469 requies
351 2383 504 2460 laborum3

139 2467 240 2533 nando
252 2469 334 2534 alind
348 2469 492 2555 quiddam
508 2469 630 2535 dulcius
646 2471 710 2535 vita
956 2477 1017 2534 190

123 2492 186 2618 lrrae
199 2555 388 2620 continentes
402 2556 558 2621 occultant
569 2557 701 2621 nebulis.

123 2653 302 2706 toamantes
316 2641 424 2728 utique
438 2642 583 2706 uidemur
596 2665 662 2708 esse

135 2729 222 2804 lucris,
239 2728 314 2813 qnia
328 2727 400 2793 lnaec
414 2727 514 2814 fulget
528 2749 583 2811 per
596 2741 725 2808 murum,

125 2813 350 2898 rimperitiam
367 2813 498 2878 alterius
511 2813 595 2892 vitoe,

125 2921 175 2962 sm
190 2899 506 2966 demonstrationem
520 2921 627 2964 rerum
642 2899 817 2965 subterra:
833 2919 840 2939 ·

133 2997 248 3050 autem
264 2988 392 3051 lemene
406 2985 553 3051 ferimur.

123 3093 233 3135 meum
251 3093 388 3159 eorpus,
406 3073 527 3160 erigite
539 3084 652 3158 capnt:

124 3180 171 3221 sm
187 3159 433 3224 membr-orum
450 3157 597 3236 vinculis,
614 3159 647 3223 Ο
660 3157 780 3222 amieae.

124 3245 215 3308 edite
226 3268 321 3310 meas
333 3267 381 3311 ex
399 3243 552 3330 pulchris
562 3243 699 3310 brachiis
708 3243 882 3330 pendentes
892 3261 1013 3319 manua

124 3329 243 3395 mulae.
313 3329 316 3336 ⁴

124 3438 224 3496 prave
239 3417 384 3483 habere
402 3429 636 3483 ornamentum
650 3417 777 3502 capitis:
950 3419 1014 3509 290

124 3503 224 3567 ende
241 3517 471 3571 contortum
485 3503 634 3590 capillum
648 3504 681 3568 in
696 3504 854 3568 humeros.

127 3590 237 3670 osis,
258 3590 356 3669 filia,
378 3612 505 3677 neque
518 3589 650 3655 moleste

123 3698 191 3740 uus.

123 3783 161 3824 m
181 3760 384 3825 morbum
406 3783 499 3826 cum
515 3763 618 3847 quiete

133 3847 285 3912 animo
303 3847 440 3925 feres3

127 3957 142 3997 a
165 3949 235 3998 est
255 3933 465 3999 homines
483 3935 657 4000 conflictari
671 3955 743 4001 oum
758 3930 859 3997 malis.

148 4106 331 4171 roscido
351 4105 481 4171 fonte

150 4215 214 4256 nm
236 4193 447 4278 limpidae
469 4192 587 4281 aquae?

159 4301 165 4338 t
180 4279 229 4342 in
252 4279 390 4378 viridi

461 4386 496 4428 Μ
