2794 4862
361 201 806 284 sennonteus
1069 219 1129 315 su

70 377 166 446 ιιιι.0
177 377 364 446 daucum
377 380 535 464 mulieres,
549 395 586 448 ut
600 383 718 450 mulum
733 383 819 452 nuto

137 464 301 533 Succedens
316 467 450 532 uicissim
464 469 497 532 in
515 470 576 534 hoc
589 469 642 534 die
655 470 806 556 persturl
880 519 884 526 -

136 553 207 618 Num
221 553 352 618 dominu
361 553 395 618 in
409 554 542 632 sedibus,
560 553 770 622 Hermiouem
786 557 869 638 dico,

135 641 255 724 Aperte
269 637 396 704 deserto
410 642 648 708 ct‘cuuscientiu
660 643 753 708 simul
766 644 848 709 illius

135 725 285 794 Fucincris
298 725 385 828 quod
399 729 545 812 potuerit,
560 729 644 816 quod
662 729 920 796 Andromschsm
933 730 1079 797 occidere
1100 764 1105 778 ·

131 811 168 876 Et
180 809 277 876 lilium
292 834 355 897 esus
368 812 535 892 statuisset,
549 815 633 879 mori
646 816 724 894 vult,
1060 823 1124 896 790

132 897 268 962 Metuens
282 898 441 978 meritum,
457 920 499 963 ne
508 921 568 984 pro
582 899 671 966 factis
778 925 786 936 ’
1049 953 1053 962 -

129 985 174 1049 Ex
188 985 252 1048 istis
265 983 388 1050 aedihus
401 985 611 1074 ignominiose
625 987 694 1052 sble
735 1001 798 1070 tur,

128 1071 187 1136 Aut
197 1071 361 1171 morietur,
375 1071 462 1158 quod
475 1071 609 1138 uoluerit
622 1075 690 1140 occi
713 1097 777 1153 ere,
790 1097 869 1162 quos
880 1095 945 1142 nott
957 1075 1125 1162 oportebat

204 1177 292 1222 motu

126 1241 183 1306 Vtx
195 1255 299 1308 sutem
313 1241 424 1329 ipsum,
440 1243 596 1310 uolentem
610 1247 801 1332 suspendere
814 1247 943 1326 collum,

125 1327 291 1396 Prohibent
306 1327 414 1394 lsmuli
429 1330 583 1408 custodes,
599 1345 632 1397 et
645 1353 686 1397 ex
700 1332 832 1403 dextere

124 1413 249 1479 Gladios
265 1415 391 1500 rapiunt
406 1416 594 1482 suferentes.

122 1499 198 1564 Tum
213 1501 304 1568 uelde
317 1499 414 1580 dolet,
430 1517 461 1567 et
475 1503 660 1590 prius'luctu

121 1587 256 1674 Agnovit
269 1611 290 1653 u
302 1610 336 1652 se
349 1609 415 1652 non
431 1589 512 1654 bene
524 1590 616 1656 fucta.
662 1589 734 1741 Ego
747 1591 877 1680 quidem

119 1672 287 1738 Dominm
302 1673 474 1762 prohibens
488 1699 508 1740 u
522 1676 635 1764 lsqueo
650 1676 690 1741 de
701 1699 770 1744 εισι
785 1699 865 1756 sum,
880 1678 1029 1744 amicust*

119 1759 184 1824 Vos
199 1783 285 1842 vero,
300 1760 510 1848 ingredientes
524 1764 558 1828 in
570 1764 647 1828 istas
661 1765 755 1842 oedes,
1054 1774 1118 1831 800

117 1846 261 1912 Liberate
274 1869 343 1912 eum
359 1871 379 1912 ιι
392 1861 514 1914 morte:
536 1871 610 1914 num
625 1850 783 1915 consuetis
875 1871 878 1878 ·
967 1895 970 1904 1

116 1932 234 1997 Amicis
247 1933 322 1997 novi
337 1935 494 2000 venientes
507 1935 548 2000 sd
561 1933 816 2021 persuadendum
830 1946 898 2002 stent
911 1938 1058 2021 sptiores.

29 2039 107 2084 cuo.
117 2019 213 2106 Atqui
228 2018 261 2084 in
276 2017 399 2086 sedibus
413 2022 632 2088 ministrorum
648 2021 794 2088 cudimus

115 2105 304 2184 Clamorem,
320 2104 361 2171 de
374 2106 470 2172 rebus
486 2130 563 2195 quse
577 2121 612 2174 ιιι
625 2109 713 2173 venis
727 2109 892 2174 nuncians.
920 2157 924 2164 .
1035 2105 1037 2111 ’

111 2192 244 2258 Videtur
258 2203 364 2258 eutem
378 2193 634 2260 demonstratura
647 2196 770 2272 misere,
788 2207 941 2282 quuutum
955 2195 1060 2261 dolent

110 2277 206 2355 Quod
222 2277 355 2363 putrent
369 2281 504 2345 succis:
528 2303 602 2348 nem
617 2282 759 2346 excurrit
771 2303 812 2346 ex
826 2281 957 2362 sedibus,

108 2363 250 2452 Fugiens
264 2385 375 2431 munus
388 2367 617 2447 ministrorum,
632 2368 804 2454 cupiditate
817 2370 938 2434 mortis.

29 2451 176 2518 usu.Hei
190 2451 269 2515 mihi
282 2449 381 2517 mihil
670 2461 675 2472 ’
856 2482 859 2492 ⁴

102 2537 347 2603 lacerationem
362 2559 463 2606 comae
477 2538 696 2628 unguiumque
706 2541 836 2607 hostiles
849 2541 948 2606 luniu-

100 2625 207 2688 tiones
219 2622 342 2690 lucium.
1051 2635 1115 2694 sto

30 2731 88 2775 ιιο.
101 2709 139 2776 Ο
153 2709 230 2786 filiu,
247 2710 323 2796 quid
338 2709 457 2776 facies?
478 2725 636 2798 corpusne
651 2727 741 2778 tuum
756 2713 876 2778 damno
889 2710 1051 2779 loedubis?

30 2817 91 2863 utu.
97 2795 184 2862 Heu
200 2795 263 2862 heu
278 2796 340 2862 heu
354 2796 436 2862 heul

95 2881 196 2948 Vsde
211 2882 246 2946 in
261 2881 411 2948 aetherem
425 2906 446 2948 s
459 2883 581 2970 cupillis
596 2885 683 2962 meis,

92 2964 219 3034 Tenue
232 2969 348 3036 velum.

30 3079 81 3122 us.
92 3055 131 3122 F
130 3055 199 3133 ilis,
216 3069 288 3146 tege
301 3069 422 3142 pectus,
437 3055 588 3144 colligere
601 3055 713 3143 peplis.

30 3166 79 3210 tut.
90 3141 196 3218 Quid
213 3163 289 3208 uero
301 3157 429 3230 oportet
441 3165 494 3208 me
508 3156 615 3231 tegere
628 3159 738 3228 pectus
751 3141 878 3228 peplis?

81 3227 287 3307 Manifesm,
302 3230 444 3317 undique
458 3229 628 3315 conspicua
641 3242 672 3295 et
686 3251 751 3294 nou
767 3229 891 3296 occtults
906 3229 948 3294 fe·

77 3317 203 3382 cimus
218 3327 330 3380 contus
343 3317 502 3382 nutritum.

31 3427 65 3470 s.
82 3401 218 3480 Doleo,
234 3402 319 3490 quod
335 3401 488 3468 struxeris
501 3423 610 3467 necem
626 3415 691 3467 tuse
705 3399 835 3487 pellici?

31 3491 205 3558 nGemo
220 3487 363 3574 profecto
374 3497 496 3573 propter
510 3488 655 3553 hostilem
670 3488 846 3567 eudscium,
1047 3497 1112 3556 800

67 3576 213 3654 Quam
226 3574 286 3640 feci
303 3573 336 3641 Ο
350 3574 532 3642 execrabilis
546 3597 617 3663 ego,
633 3595 762 3640 execra-

60 3661 168 3730 bilis
183 3661 275 3728 viris.

31 3775 47 3822 '.
64 3746 310 3816 Condonsbit
323 3746 382 3813 tihi
397 3747 458 3813 hoc
470 3760 639 3833 peccatum
654 3746 796 3812 moritus.

35 3837 212 3914 ,Qum
229 3833 362 3918 rupnisti
377 3833 456 3898 mihi
492 3833 610 3899 ludium
625 3857 666 3899 ex
682 3831 807 3898 mauu?

49 3919 225 3998 Redde,
239 3920 272 3985 Ο
287 3918 393 3999 churu,
409 3857 517 4008 redde,
532 3939 568 3986 ut
581 3921 745 3986 adversam

39 4007 248 4094 lnfligam
260 4010 411 4158 plagumt
434 4029 533 4094 quere
545 4029 634 4072 urces
647 4025 700 4072 me
713 4029 732 4072 s
746 4004 888 4106 laqueis?

40 4102 137 4167 An
160 4113 247 4158 vero
283 4093 449 4160 imuuerem
465 4107 496 4158 te
511 4092 677 4170 furentem,
694 4105 729 4158 ιιι
742 4111 930 4156 morsurus-

36 4185 175 4256 Hert
193 4179 352 4246 exitium!
376 4179 431 4246 ubi
445 4191 493 4246 cst
507 4179 585 4246 mihi
600 4178 698 4246 chors
711 4179 839 4248 flammo
851 4175 961 4266 iguis?

31 4267 156 4344 Ubi
177 4287 261 4332 vern
274 4267 309 4332 in
324 4289 417 4353 rupes
432 4267 527 4334 ottol-

550 4374 572 4417 n
