2824 4860
489 211 749 282 HECUBA.
1128 225 1166 288 1⁷

161 383 319 474 laetique
331 385 526 454 Achaeorum
564 387 837 474 recipuijuvenea
1103 397 1169 458 520

160 474 287 540 Saltum
303 472 411 540 vitulae
426 487 491 540 tuae
504 409 676 540 colibituri
691 473 847 552 manibus,

159 561 400 648 Sequebantur:
424 559 554 646 plenum
565 581 642 626 vero
653 559 686 624 iu
695 560 842 626 manibus
851 561 1007 646 accipiens
1015 563 1165 648 poculum

160 645 285 716 Totum
299 668 443 724 aureum,
458 645 612 712 scindebat
625 667 721 712 manu
737 645 821 712 filius
832 645 966 712 Achillis
1184 665 1187 672 '

161 733 349 799 Libationea
363 743 489 800 mortuo
503 733 608 818 patri:
633 732 800 816 Significat
814 755 888 798 vero
904 733 982 801 milti

161 819 333 886 Silentium
348 818 540 884 Graecorum
555 819 703 885 universo
718 832 753 884 ut
767 819 986 886 denuntiarem
1001 812 1165 890 exercitui.

161 905 206 971 Et
219 928 281 994 ego
295 918 402 971 namus
417 905 488 972 dixi
502 907 536 968 in
551 904 658 971 medio
671 905 757 971 haec:

159 991 283 1058 Taoete
295 1014 357 1070 uos,
374 991 496 1069 Graeci,
510 992 624 1056 troitus
637 991 801 1058 universus
815 994 855 1058 sit
868 1015 911 1078 po
935 991 1022 1060 ulus:

162 1078 238 1156 Sile,
253 1091 342 1144 mee:
356 1077 568 1164 ,tranquillam
583 1091 688 1144 cutem
701 1079 850 1145 constitui
864 1014 1002 1148 turlam.

160 1164 235 1250 ipae
248 1185 326 1230 vero
340 1165 440 1230 dixit:
464 1163 558 1230 Ofili
574 1163 671 1241 Pelei,
687 1179 778 1248 pater
791 1187 867 1230 vero
880 1185 981 1244 meus,

159 1251 282 1336 Accipe
295 1249 496 1316 libationcsa
510 1249 668 1318 mehaece
681 1250 909 1335 propitiabiles,
1104 1261 1169 1318 530

161 1335 314 1402 Mortuos
327 1335 502 1402 elicientes:
526 1337 597 1402 veni
611 1357 697 1414 vero,
714 1349 750 1402 ut
763 1337 853 1406 bibas
867 1338 994 1426 nigrum

161 1422 284 1490 Puellae
299 1422 456 1489 illibatum
471 1422 667 1510 sanguinem,
684 1444 778 1511 quem
794 1424 852 1489 tibi
867 1424 980 1490 darnae

161 1507 398 1596 Exercitusque
410 1522 444 1576 et
458 1531 534 1596 ego:
558 1508 713 1595 propitius
727 1532 802 1576 vero
817 1511 909 1579 nobis
922 1511 973 1588 eie,

161 1595 355 1682 Solvereque
368 1616 501 1682 puppes,
516 1609 548 1660 et
562 1595 735 1662 retinacula

161 1682 302 1751 Navium
317 1681 360 1750 du
374 1681 478 1759 nobie,
493 1679 678 1769 felicemque
692 1683 732 1748 ab
747 1683 809 1749 llio
909 1719 912 1726 ⁴

163 1769 316 1834 Reditum
332 1781 441 1834 nactos
456 1790 565 1834 omnes
579 1769 612 1832 in
627 1770 761 1854 patriam
777 1769 893 1834 venire.

162 1855 304 1921 Tantum
319 1854 412 1932 dixit,
428 1855 532 1920 omnis
550 1869 656 1922 autem
671 1856 858 1940 adprecatur
872 1867 919 1920 est
931 1856 1101 1928 exercitus.

162 1941 245 2008 Mox
259 1953 405 2007 auratum
420 1961 527 2006 ensem
541 1944 657 2027 capulo
667 1943 823 2026 accipiens

161 2027 311 2094 Extraxit
324 2050 361 2092 va
388 2027 449 2105 'na,
465 2026 554 2106 lectis
569 2042 676 2092 autem
691 2028 881 2094 Graecorum
897 2029 1051 2094 exercitus

161 2049 426 2181 Adoteeoentills
441 2115 545 2179 innuit
560 2114 713 2202 virginem
729 2113 976 2200 apprehendere.
1103 2124 1165 2180 540

160 2201 178 2267 I
250 2223 338 2282 vero,
352 2211 389 2266 ut
403 2200 509 2276 sensit,
523 2199 610 2264 hunc
624 2199 811 2288 significavit
826 2222 1021 2269 sermonem:

209 2309 313 2352 meam
328 2287 383 2373 qui
398 2285 559 2354 excidistis
574 2287 685 2374 Argivi
700 2288 822 2364 urbem,

162 2373 283 2439 Volcns
298 2373 438 2438 moriort
459 2395 501 2438 ne
515 2373 585 2474 quis
599 2373 735 2462 attingat
750 2395 865 2458 corpus

160 2459 292 2526 Meum:
314 2460 468 2546 praebebo
481 2482 565 2526 emm
579 2459 732 2526 cervicem
746 2459 820 2524 forti
834 2471 972 2544 pectore.

162 2547 309 2612 Solutum
322 2567 399 2612 vero
415 2569 475 2620 me,
492 2558 527 2612 ut
540 2546 639 2610 libera
653 2546 781 2622 moriar,

161 2631 224 2698 Per
238 2633 330 2698 Deos
346 2634 515 2712 mittentes,
529 2633 717 2698 interficite:
739 2631 834 2716 Apud
851 2653 959 2698 manes
973 2632 1058 2696 enim

163 2719 293 2784 Servom
308 2719 424 2796 vocari,
440 2717 549 2808 regina
564 2741 662 2805 quum
677 2718 747 2794 sim,
763 2718 863 2803 pudet
877 2741 936 2784 me.

160 2805 270 2871 Turba
287 2827 363 2870 vero
376 2806 672 2882 admurmurabaut,
687 2817 720 2869 et
734 2807 958 2890 Agamemnon
974 2825 1029 2868 rex

160 2891 300 2958 Dicebat
313 2905 351 2958 ut
363 2892 558 2958 dimitterent
572 2892 620 2956 vir
643 2893 726 2955 'nem
741 2890 1001 2956 adolescentibus.

161 2979 228 3128 gili
244 3001 329 3054 vero,
346 2991 382 3043 ut
395 2977 558 3044 celerrime
571 2999 612 3042 ou
637 2977 761 3041 iverunt
772 2999 928 3041 summurn
943 2997 1063 3054 vocem,
1103 2983 1166 3040 550

195 3065 372 3141 imiserunt,
389 3065 478 3150 cujus
492 3075 523 3129 ct
537 3085 695 3128 summum
710 3077 778 3128 erat
793 3064 994 3148 Imperium]

162 3149 206 3216 Et
219 3151 274 3216 illa
288 3161 453 3238 postquam
470 3149 590 3215 audivit
604 3149 806 3214 dominorum
823 3149 920 3228 dicta,

161 3237 415 3323 Apprehendens
428 3236 540 3322 peplos
554 3259 594 3300 ex
608 3257 733 3302 summo
746 3235 882 3300 humero

165 3323 266 3410 Rupit
281 3323 323 3389 ile
336 3325 421 3388 circa
435 3322 575 3388 medium
583 3325 681 3409 juxto
695 3321 890 3398 umbilicum,
991 3309 997 3333 ³

161 3409 386 3496 Mamillacque
398 3409 537 3476 ostendit
551 3422 751 3495 pectoreque,
763 3408 853 3494 quasi
867 3419 991 3484 statue,

162 3495 400 3562 Pulcherrima:
424 3509 455 3561 et
468 3495 597 3562 flectens
611 3495 651 3560 ed
667 3509 784 3560 terram
799 3517 895 3582 genu,

159 3583 253 3649 Dixit
266 3583 411 3647 omnium
426 3581 725 3648 miserabilissimum
741 3601 936 3646 sermonem:

161 3667 255 3746 Ecce,
272 3671 333 3734 hoc
347 3670 372 3733 si
387 3669 516 3756 quidem
531 3681 651 3754 pectus,
668 3669 700 3732 Ο
715 3667 857 3746 Juvents,

162 3755 271 3820 Ferirc
285 3755 386 3840 cupis,
402 3753 512 3820 ferito:
536 3755 561 3820 si
577 3777 653 3820 vero
668 3755 729 3818 sub
744 3754 864 3821 cervice

159 3841 318 3918 Vulneris,
333 3841 423 3908 adeat
431 3842 563 3928 jugulus
577 3851 707 3992 l'm‘m
721 3839 784 3904 hic.
1103 3845 1169 3904 560

159 3927 220 3992 llle
232 3949 308 3994 vero
322 3940 355 3992 et
369 3931 481 3994 uolens
495 3941 525 3994 et
541 3951 581 3993 vo
593 3949 658 4005 ens,
674 3948 742 4013 prae
757 3923 1029 3991 commiseratione
1040 3922 1165 4009 puellae,

162 4015 255 4080 Secnt
269 4014 354 4079 ferro
367 4015 496 4100 spiritua
510 4031 650 4080 meatus:

161 4099 280 4168 Fontes
296 4123 371 4166 vero
384 4101 537 4166 fluebant.
584 4101 668 4166 Haec
683 4099 867 4165 nemetiam
885 4098 1033 4173 moriens,
1047 4108 1152 4161 tamen

159 4187 314 4274 Magnam
329 4187 561 4254 solicitudinem
575 4186 688 4251 habuit
701 4185 851 4251 decenter
866 4199 901 4250 ut
916 4185 1050 4260 caderet,

159 4271 204 4339 Et
218 4275 400 4354 occultaret,
415 4297 488 4362 quae
502 4273 784 4341 occultareoculoe
798 4269 939 4338 virorum
955 4268 1113 4336 convenit.

589 4381 607 4425 c
