2854 4866
641 191 956 266 EURIPIDIS

332 371 525 524 fffm
538 372 729 474 peperissem
743 369 1006 461 lilioslegitimna

407 480 485 525 vero
497 479 681 524 semrsemns
695 459 785 540 meis,
799 461 925 524 nothos.

333 545 396 612 sed
411 567 585 633 nunqnam,
600 565 886 632 nunqnam—non
899 546 985 612 enim
999 547 1096 613 semel
1109 547 1276 631 dicam,-

333 631 472 719 Oportet
485 630 667 718 prudentes,
679 630 798 720 ,quibus
810 645 858 696 est
872 631 1005 720 conjux,

332 718 387 783 Ad
402 739 534 784 uxorem
549 717 583 782 in
596 717 722 784 edibus
737 718 840 783 sinere
852 719 978 807 ingredi

333 803 506 870 Mulieres:
529 805 599 870 istae
613 804 698 870 enim
712 813 783 868 sunt
797 805 958 893 magistrae
973 805 1146 872 malornm

334 889 408 956 Alia
420 889 549 978 quidem
563 905 694 976 captans
707 891 832 956 lucrum
846 893 1024 977 corrumpit
1037 914 1183 974 uxorem,

331 975 407 1046 Alis
423 999 497 1042 vero
510 999 583 1062 quse
596 977 748 1063 peccarit,
764 975 832 1040 vult
844 997 915 1042 eam
931 976 1194 1064 seeum'pecesre,

332 1064 536 1130 Multmvero
550 1064 735 1148 petulantia.
780 1061 1054 1130 Etindefamilirs
1281 1079 1349 1136 980

334 1149 487 1216 Virorum
501 1147 658 1214 laborant.
695 1148 858 1214 Adversus
873 1149 944 1214 brec
958 1149 1039 1216 bene
1053 1153 1175 1218 munite

333 1236 453 1302 Januas
467 1235 586 1302 sedium
600 1235 747 1302 claustris
759 1247 793 1300 et
806 1235 947 1302 reetibns
955 1260 986 1300 s,-

336 1321 421 1388 Nam
436 1321 518 1388 nihil
531 1320 608 1387 boni
623 1321 751 1388 externi
765 1322 914 1389 introitus

334 1409 484 1474 Mulieres
498 1407 628 1490 ficiunt,
643 1407 698 1474 scd
712 1408 806 1473 etism
822 1408 924 1474 mults
938 1409 1030 1474 mala.

250 1515 328 1561 otro.
338 1494 481 1561 Nimium
496 1493 651 1560 immisisti
665 1493 808 1584 lingnam
823 1494 857 1558 in
871 1507 1043 1584 cognatum
1057 1515 1179 1561 suum.
1241 1487 1252 1508 '

337 1578 561 1647 condonanda
574 1581 702 1668 quidem
716 1601 802 1646 nunc
816 1579 875 1645 tibi
888 1593 957 1648 eunt
970 1581 1051 1660 laoee,
1062 1583 1117 1647 sed
1131 1577 1240 1649 tamen
1252 1583 1350 1652 decet

334 1665 489 1733 Mulieres
502 1689 617 1733 ornare
632 1665 802 1732 muliebres
816 1668 954 1734 morbos.
983 1709 987 1720 .

249 1754 467 1841 onmscpiens
481 1751 629 1842 quasdam
644 1775 694 1819 res
708 1763 753 1820 est
767 1753 834 1841 ejus
849 1754 904 1840 qui
918 1754 1028 1820 docuit
1042 1753 1196 1835 homines,

335 1839 488 1906 Rationes
501 1840 613 1907 audire
626 1863 647 1906 a
660 1840 888 1926 praesentibus:

333 1927 406 2015 Ego
419 1929 503 1992 enim
518 1927 618 1994 sciens
631 1925 903 2014 perturbationem
917 1925 1012 2014 bojas
1026 1925 1154 1992 familiae
1280 1937 1353 1996 stt»

335 2011 379 2078 Et
392 2025 480 2078 tuam
496 2013 584 2079 litem
598 2026 631 2078 et
645 2014 752 2079 uxoris
767 2011 930 2092 Hectoris,

335 2099 411 2164 Non
425 2099 633 2184 expectabam
647 2097 768 2165 habens
782 2099 940 2165 custodies
954 2121 996 2164 sn
1011 2098 1063 2165 bic
1077 2121 1232 2180 marteres,
1274 2142 1277 2150 ·

334 2189 388 2250 An
446 2183 626 2252 rterrefaots
639 2197 727 2250 metu
741 2186 874 2272 captives

336 2205 485 2338 Mulldris
498 2271 593 2337 velles
607 2271 769 2340 diseedere
783 2294 824 2338 ex
838 2272 899 2337 hac
913 2272 1019 2336 domo.

198 2379 205 2388 ·
333 2357 546 2438 Venientem,
561 2379 627 2424 non
641 2370 812 2443 expectens
827 2373 883 2424 tua
895 2361 1054 2436 mndata,

335 2444 371 2510 Si
386 2457 491 2510 entem
506 2443 632 2510 cederes
647 2445 830 2524 rationibus,
846 2446 927 2510 sicut
941 2443 1028 2510 cedis

335 2529 495 2596 Missorus
509 2542 542 2596 te
554 2530 596 2596 sb
610 2529 660 2596 his
673 2529 808 2596 ortibus.
852 2532 937 2596 Nam
951 2553 1025 2596 cnm
1037 2529 1127 2616 prius
1141 2551 1214 2596 mea
1227 2553 1314 2599 masa

338 2617 475 2684 Habitus
489 2637 561 2682 eum
578 2617 639 2682 isto
652 2617 733 2699 viro,
748 2619 793 2683 tni
809 2619 908 2703 petris
922 2617 1134 2704 improbitate,

334 2703 412 2782 Qui,
427 2703 611 2806 priusquam
624 2702 741 2770 faceret
754 2704 966 2789 irruptionem
981 2705 1013 2768 in
1029 2701 1108 2769 lines
1123 2703 1246 2792 ijoe,

334 2789 573 2857 Dedittemrbi
587 2811 719 2856 uxorem
734 2803 767 2856 et
780 2805 890 2876 postea
904 2790 1050 2877 promisit
1278 2802 1349 2860 9⁵0

333 2878 431 2942 Nunc
444 2889 476 2942 te
490 2875 631 2957 habenti,
647 2877 674 2941 si
687 2889 885 2966 expugnaret
898 2876 1010 2942 urbem
1027 2875 1210 2964 Trojanam.

335 2962 510 3050 Postquam
524 2977 630 3030 autem
645 2962 738 3029 rediit
753 2962 817 3030 hue
830 2962 913 3029 lilius
929 2961 1072 3046 Achillis,

334 3048 409 3114 Tuo
446 3048 551 3115 uidem
566 3051 674 3138 ignovi
689 3050 782 3136 petri,
799 3049 886 3114 hunc
900 3071 975 3114 sero
989 3048 1098 3137 rogavi

336 3134 385 3201 Ut
399 3071 589 3223 rdinqueret
602 3155 692 3202 tuum
707 3135 913 3214 connubium,
929 3136 1038 3201 dicens
1053 3157 1138 3222 mens
1151 3134 1318 3204 aerumm

336 3221 379 3286 Et
392 3235 581 3306 presentem
596 3226 706 3288 molum
721 3223 908 3301 damonem,
924 3222 1009 3325 quod
1024 3223 1169 3310 cognatis
1182 3221 1318 3309 quiden

335 3307 456 3392 Alrirls
469 3329 592 3394 possem
607 3308 723 3374 ducere
736 3329 883 3388 uxorem,
898 3308 1028 3375 alronde
1041 3329 1117 3374 vero
1132 3329 1197 3374 non
1214 3309 1326 3389 facile,

335 3392 476 3460 Exulans
490 3393 531 3458 ab
545 3393 677 3478 oedibns,
692 3395 786 3483 quale
800 3395 928 3462 exilium
944 3417 1005 3484 ego
1018 3395 1123 3461 exulo.

336 3479 395 3546 Ille
408 3501 484 3546 vero
497 3493 564 3547 erat
578 3481 824 3547 contumeliosus
840 3495 876 3546 ut
888 3495 921 3546 et
937 3503 1044 3548 necem
1059 3503 1138 3548 mare
1152 3481 1266 3548 matris

337 3567 379 3632 Et
393 3567 696 3632 cruento-terribiles
709 3569 795 3633 Dens
808 3568 1002 3654 exprobaret
1015 3567 1103 3634 mihi.

335 3653 378 3720 Et
465 3653 932 3740 abjectusdomscticalortunc
1277 3663 1351 3726 960
1418 3710 1419 3725 r

336 3739 401 3806 Dol
516 3741 655 3890 qnpdenr,
671 3740 830 3823 dolebam,
851 3741 895 3808 ob
915 3740 1108 3806 cdmnitstes
1128 3751 1239 3805 satem
1260 3745 1352 3827 pati-

421 3839 511 3892 enter
523 3839 559 3892 tu
574 3829 594 3904 i,

336 3911 379 3978 Et
393 3913 536 3998 privatus
550 3913 612 3980 tuis
626 3916 745 3999 nuptiis
761 3915 878 3980 inritus
891 3913 1029 3980 abibam.
1183 3973 1188 3981 .
1417 3921 1418 3987 l

336 3995 432 4064 Nnno
456 4001 564 4088 igitur,
590 4001 740 4088 qnoniam
766 4001 800 4066 in
826 4001 1019 4068 contrarium
1050 3997 1155 4066 subito
1183 4011 1351 4070 mmm

420 4083 516 4152 babes
530 4087 701 4164 fortunam,
1087 4133 1098 4144 -
1416 4125 1417 4130 κ

335 4167 424 4236 Etin
440 4171 648 4240 calamitatem
664 4173 850 4262 bsnclapsc
864 4169 1210 4272 mentisinopsbnrsa,

334 4255 461 4328 Ducam
472 4273 504 4324 ts
518 4259 560 4326 sb
573 4261 694 4326 sedibus
708 4273 740 4326 ct
755 4261 882 4328 usdsm
893 4261 927 4326 in
940 4279 1069 4326 manum
1084 4269 1196 4344 pstrrs.
