2854 4866
264 225 329 285 ass
473 169 479 182 ’
647 213 981 296 unarrrnts

267 393 469 458 rua.Fretus
483 389 683 476 praeeonibus
698 388 862 468 Mercurii,
880 403 915 452 ut
929 389 1077 474 sepelires
1090 391 1259 457 mortuos?
1306 399 1368 456 12⁰

269 479 324 544 an'.
359 465 422 544 Sed
438 499 534 542 eorum
549 475 765 540 interfectores
780 496 843 539 non
859 477 967 540 sinunt
980 497 1043 542 me.

268 587 347 630 uun.
358 563 448 640 Quid
461 585 536 627 vero
549 563 670 638 dicunt,
687 585 760 626 cum
776 575 812 626 tu
821 563 907 646 justa
920 561 1033 646 petas?

269 673 324 718 aa.
362 649 451 726 Quid
467 671 500 714 re
514 651 593 712 bene
606 647 718 736 gestui
737 648 881 712 nesciunt
894 646 976 712 ferre
989 647 1160 714 somonam.

268 757 350 802 uua.
361 735 450 886 Ergp
463 735 575 800 uenisti
589 735 789 798 consulturus
803 731 876 798 mei
898 747 954 798 aut
968 735 1056 883 cup'ns
1069 735 1195 823 gratia?

270 845 326 888 au.
360 819 392 886 0
463 843 545 897 esen,
561 821 691 904 cupiens
707 819 757 883 Te
772 841 960 904 recuperare
973 820 995 884 fi
1010 823 1056 885 ios
1071 825 1281 908 Argiuorum.

268 929 347 974 unu.
361 907 429 974 Ubi
445 928 521 971 vero
535 919 582 970 est
596 906 687 970 nobis
700 905 780 970 lllud
795 905 923 1006 Argos?
944 928 985 970 an
1000 905 1119 972 frustra
1131 907 1358 995 gloriabatur!

270 1017 325 1060 au.
366 993 535 1058 peccantes
549 993 722 1078 periimuss
745 993 785 1055 ad
801 1005 832 1056 te
847 993 944 1080 igitur
959 991 1170 1080 confugimus.

269 1102 350 1145 unu.
361 1080 482 1147 Utrum
498 1079 559 1143 hoc
573 1091 629 1143 tuo
643 1079 767 1164 privato
781 1078 973 1158 consiliofil‚
989 1101 1029 1142 an
1046 1079 1141 1144 totius
1155 1079 1272 1144 urbis?

270 1189 326 1232 an.
359 1168 481 1233 Omnes
496 1165 653 1232 Danaidae
668 1178 700 1228 te
714 1165 896 1250 suppliciter
910 1179 1013 1242 orant,
1022 1179 1058 1230 ut
1068 1165 1199 1250 sepelias
1207 1181 1369 1232 mortuos.

269 1274 350 1318 uua.
362 1254 472 1330 Quare
487 1273 563 1316 vero
576 1251 693 1315 duxisti
709 1263 827 1336 septem
843 1252 989 1315 eolrortes
1005 1251 1043 1314 ad
1060 1251 1215 1316 Thebas?
1308 1262 1374 1320 130

271 1361 326 1404 an.
361 1339 498 1405 Duobus
514 1339 637 1424 generis
652 1338 712 1400 hoc
726 1350 881 1423 praestans
895 1337 1044 1400 officium.

271 1447 350 1491 uua.
362 1425 425 1490 Cui
441 1446 514 1488 vero
530 1425 721 1510 Argivorum
737 1423 865 1487 elocasti
880 1421 962 1486 lilius
975 1428 1069 1488 tuns?

261 1533 327 1577 an.
362 1511 436 1576 Non
452 1533 524 1574 cum
541 1523 651 1574 nostra
704 1523 757 1574 nte
771 1510 919 1574 contraxi
934 1507 1115 1574 affinitatem
1130 1510 1232 1574 domi.

271 1618 352 1664 rau.
364 1601 414 1662 Au
428 1597 603 1683 peregrinis
618 1595 638 1658 d
682 1597 731 1660 isti
748 1597 883 1684 Argivas
896 1594 1040 1681 puellas?

271 1707 328 1749 au.
361 1683 485 1770 Tydeo,
500 1697 532 1746 et
549 1682 606 1746 Pol
632 1683 692 1746 uici
709 1681 876 1746 Thebano.

271 1791 353 1835 rus.
363 1768 538 1846 Quodnam
552 1769 584 1832 in
599 1707 788 1832 desiderium
805 1767 898 1854 hujus
912 1769 1071 1833 affinitatis
1083 1769 1242 1833 veniens?

273 1879 329 1922 an.
367 1856 513 1922 Obscura
525 1857 696 1936 aenigmatn
713 1853 830 1919 Phoebi
844 1877 896 1919 me
911 1855 1114 1920 induxerunt.

273 1963 353 2008 uun.
366 1942 456 2019 Quid
471 1965 545 2006 vero
560 1942 641 2005 dixit
656 1939 782 2026 Apollo,
799 1941 941 2006 sanciens
956 1940 1069 2026 puellis
1082 1943 1239 2027 nuptias?

275 2051 329 2094 au.
366 2027 413 2094 Ut
427 2029 535 2093 darem
552 2050 637 2090 meas
651 2026 731 2090 filius
745 2049 824 2112 apro
839 2040 871 2093 et
885 2026 978 2091 leoni.

272 2136 353 2180 uua.
364 2113 537 2191 Quomodo
552 2136 627 2178 vero
643 2125 676 2175 tu
691 2114 854 2199 explicasti
870 2114 999 2178 oracula
1013 2113 1089 2179 dei?
1313 2125 1378 2182 140

274 2223 328 2266 nn.
363 2202 445 2265 Cum
461 2201 615 2264 venissent
629 2200 737 2263 exules
751 2213 844 2264 nocte
859 2200 899 2265 ad
914 2221 1016 2264 meam
1031 2213 1207 2284 portam-

273 2309 353 2352 rua.
366 2286 459 2363 Quis,
475 2287 601 2372 etquis,
616 2284 687 2349 dic:
710 2286 791 2350 duos
804 2287 887 2351 enim
904 2287 1011 2351 dixisti
1026 2287 1130 2350 simul.

274 2395 327 2438 au.
359 2371 490 2460 Tydeus
505 2385 536 2435 et
552 2370 720 2457 Polynices
733 2385 957 2460 pugnaverunt
970 2374 1050 2438 inter
1064 2394 1110 2436 se.

273 2459 413 2524 ruadu
430 2457 622 2536 hadelini,
638 2471 674 2521 ut
688 2456 772 2538 feris,
788 2473 858 2523 tuas
872 2458 976 2524 filins?

273 2568 329 2610 an.
360 2543 479 2621 Quoad
492 2565 634 2630 pugnum
650 2543 773 2609 duabus
788 2543 860 2609 ieris
874 2545 1058 2611 assimilans.

274 2652 354 2696 unu.
362 2630 537 2707 Quomodo
551 2653 627 2695 vero
641 2643 794 2694 venerunt
808 2631 924 2695 relictis
939 2631 1055 2697 linibus
1070 2633 1210 2718 patrias?
1283 2643 1288 2648 '

275 2739 330 2781 an.
366 2716 498 2804 Tydeus
512 2717 652 2804 quidem,
669 2719 791 2804 lugiens
806 2717 925 2782 caedem
940 2731 1106 2806 cognatam
1121 2740 1163 2783 ex
1178 2721 1293 2804 petria.

274 2825 355 2869 εεε.
365 2804 465 2869 Frtius
479 2825 555 2868 vero
569 2801 683 2888 OEdipi
698 2802 860 2890 quomodo
872 2807 955 2869 verul
970 2804 1086 2870 relictis
1100 2805 1251 2870 Thebis?

275 2911 329 2955 an.
366 2890 501 2975 Propter
513 2888 597 2954 diras
612 2889 720 2975 patris,
736 2912 776 2954 ne
789 2889 981 2956 interficeret
993 2891 1133 2956 fratrem.

274 2996 357 3042 rau.
365 2975 510 3042 Prudens
524 2975 632 3041 dixisti
649 2976 860 3040 voluntarium
875 2976 938 3040 hoc
951 2975 1095 3042 exilium.
1314 2990 1383 3046 teo

275 3082 332 3126 au.
366 3059 429 3127 Sed
445 3061 499 3146 qui
514 3063 596 3125 domi
610 3062 790 3138 manebant,
805 3063 950 3127 absentes
963 3063 1079 3150 injuria
1093 3063 1286 3130 afficiebant.

273 3167 355 3212 unu.
367 3147 454 3212 Num
469 3145 565 3211 stater
579 3149 683 3232 ipsum
698 3147 826 3212 fraudat
839 3147 1055 3234 patrimonio?

274 3255 328 3298 aa.
364 3233 449 3298 Haec
464 3229 617 3296 ulciscens
630 3237 712 3312 veni,
728 3235 819 3299 etsie
833 3236 922 3320 perii.

273 3339 355 3386 uus.
366 3319 504 3384 Vatesne
517 3317 690 3396 consulisti,
705 3333 737 3386 et
750 3321 855 3385 uidisti
868 3322 1013 3386 flammas
1027 3321 1230 3386 hostiarum?

273 3426 329 3469 ao.
362 3407 435 3470 Heu
451 3403 549 3468 milri!
577 3427 669 3493 urges
683 3428 743 3482 me,
784 3429 823 3472 un
837 3421 928 3493 parte
941 3429 1002 3558 ego
1016 3411 1154 3473 maxime
1167 3407 1304 3474 offcrrdi.

273 3491 436 3558 una.Non
452 3491 545 3568 ivisti,
562 3505 597 3556 nt
612 3492 746 3572 ridetur,
796 3495 939 3560 ventibus
977 3495 1023 3560 iis.

273 3599 329 3643 an.
360 3577 448 3654 Quid
463 3577 535 3663 plus
549 3575 619 3643 eat?
639 3579 682 3642 iri
696 3580 796 3643 inrito
811 3579 1019 3666 Amphiarao.

272 3683 319 3728 rrr
325 3685 357 3730 a.
363 3662 496 3729 Adeone
509 3663 620 3728 leviter
634 3687 749 3730 numen
765 3663 962 3749 repudiasti?

273 3770 329 3812 ao.
360 3750 518 3816 Juvenum
533 3751 618 3814 enim
634 3751 773 3816 virorum
790 3753 944 3819 tumultus
957 3751 1146 3838 percellebat
1161 3773 1228 3818 me.

271 3836 539 3902 urta.Audaciam
556 3849 690 3901 sectatus
703 3861 737 3902 es
751 3861 811 3924 pro
826 3838 913 3904 bono
926 3838 1068 3916 consilio,
1316 3851 1385 3910 lffl

360 3921 459 3998 Quod
497 3921 617 3987 coiecto
626 3925 693 4008 jam
711 3923 827 3992 multos
884 3925 980 3991 rdldit
993 3924 1100 3989 duces.

272 4027 328 4072 au.
361 4009 437 4086 Sed,
454 3943 496 4075 (l,
501 4009 705 4074 fortissimum
721 4025 818 4096 caput
867 4033 1034 4087 rrecorum,

363 4093 435 4158 Rex
455 4094 709 4172 Atheniensium,
725 4097 879 4163 erubesco
894 4098 1022 4185 quidem

362 4179 535 4246 Procidens
552 4183 639 4247 lrurui
654 4181 801 4270 amplecti
817 4197 905 4250 tuum
921 4207 1005 4273 genu
1022 4203 1131 4260 manu,

362 4267 470 4331 Canus
487 4267 534 4332 vir
552 4267 621 4333 Rex
635 4267 710 4332 olim
726 4269 819 4334 felix:
