2862 4864
368 220 623 289 IPHIGENIA
646 221 696 288 ΙΝ
722 219 908 288 AULIDE
1115 229 1178 290 818

97 421 168 466 aar.
179 397 275 466 Mitte
287 397 386 464 filiam
401 419 475 464 oum
490 411 581 484 patre
594 417 636 462 ex
652 395 794 462 redibua:

177 485 262 564 Quia
276 506 462 570 sacraeque
476 484 564 550 adcet
579 495 698 570 parate,

178 573 220 638 Et
241 569 338 636 mole
360 569 448 636 sabee
477 584 513 636 ut
541 589 581 636 ex
608 568 753 635 menibus
779 567 987 655 conjiciantur
1012 569 1044 632 in
1070 567 1176 655 ignem

261 656 435 734 lustralem,
1094 661 1176 720 1100

176 743 218 810 Et
226 745 384 830 juvencae,
400 765 477 830 quar
491 753 564 808 aute
578 742 706 826 nuptiae
720 753 846 842 oportet
859 743 991 806 mactari
1004 741 1074 807 dere

174 829 303 907 Diana,
319 829 420 930 nigre
435 828 597 917 sanguinis
610 828 833 912 expirationes.

95 915 292 982 ern-verbis
307 915 433 1016 quidem
450 915 531 980 bene
545 914 634 992 dicis,
649 913 703 978 eed
718 913 800 978 fecta
814 927 869 978 tua

176 999 276 1068 Haud
285 1023 352 1068 acro
360 1001 520 1088 quomodo
529 1011 675 1086 oporteat
682 1021 733 1064 me
744 999 961 1064 nominantem
972 997 1177 1065 reciedicere.

177 1087 291 1154 licraa
305 1110 389 1166 vero,
404 1087 480 1164 tilia,
495 1086 554 1152 scie
568 1085 652 1150 euim
667 1087 767 1170 petris

176 1175 308 1252 Omnia,
322 1195 521 1260 quaecunque
535 1171 738 1238 molitur—et
751 1170 811 1236 cub
824 1170 927 1272 peplis
942 1169 1019 1237 effer

175 1256 814 1412 wpppbpcmopppuffipppn
829 1256 905 1322 ω’

177 1433 250 1499 rii·
263 1453 340 1499 vero
376 1453 414 1498 ro
427 1431 488 1498 hec
502 1445 533 1498 et
548 1365 667 1516 mpeipea
680 1453 740 1519 ego
753 1429 867 1496 dicem.
924 1427 930 1448 '

95 1539 168 1582 aee.
179 1518 269 1596 Filia,
304 1519 337 1583 ui
370 1515 449 1583 flea?
472 1539 574 1604 neque
587 1515 729 1582 hilariter
739 1539 790 1580 me
841 1527 924 1580 ectaa
937 1515 1082 1602 amplior,
1096 1525 1179 1584 1110

120 1627 126 1638 ·
178 1604 240 1671 Sed
255 1540 347 1670 viiito
362 1605 395 1668 in
410 1617 525 1670 terram
540 1603 657 1680 defixo,
673 1624 743 1668 eum
760 1539 861 1688 pepiiie
874 1601 1005 1688 objectis
1021 1601 1104 1668 veina

94 1711 166 1756 rra.
176 1691 283 1776 (Heu)
300 1689 474 1768 Quodnam
488 1709 631 1754 meorum
647 1687 803 1754 malorum
819 1709 939 1752 eumem
955 1687 1144 1754 exordium?

177 1777 336 1842 Omnibua
349 1777 436 1842 enim
449 1775 524 1842 iicet
537 1779 584 1842 uti
598 1773 717 1863 primis,

177 1861 220 1929 Et
232 1863 410 1966 postremis,
425 1875 458 1927 et
471 1861 582 1928 mediis
598 1862 723 1948 ubique.

93 1969 168 2014 aet.
176 1949 265 2026 Qud
279 1951 350 2016 eati
375 1960 412 2014 ut
426 1947 504 2013 mibi
517 1969 627 2013 omnea
640 1947 831 2023 consentitia,
962 1947 968 1965 ⁸

178 2033 344 2102 Habente·
357 2033 573 2100 consutionem
585 2043 621 2099 'et
634 2032 905 2100 conturbationem
920 2030 1043 2096 ruitur!

93 2141 163 2188 car.
178 2121 244 2188 Dic
257 2121 350 2204 mihi,
363 2121 485 2200 marite,
501 2121 646 2206 ingenue,
663 2143 735 2206 quae
749 2133 781 2185 te
794 2117 1007 2206 interrogabo.

93 2228 167 2272 aea.
178 2205 270 2274 birhii
284 2229 365 2294 opus
377 2221 425 2272 eat
437 2207 576 2286 hortatu,
592 2207 777 2293 interrogari
794 2205 874 2270 volo.

90 2314 161 2360 cur.
175 2293 274 2360 istane
288 2293 467 2360 interficere
482 2313 583 2358 meam
596 2305 747 2378 tuamque
761 2289 883 2356 filiam?

92 2401 166 2445 aea.
176 2379 294 2466 (Hem)
308 2379 429 2482 Dixisti
442 2379 572 2457 atrocia,
588 2378 815 2464 suspicarieque
829 2399 902 2464 quae
917 2390 948 2442 te
967 2397 1032 2442 non
1053 2389 1179 2530 ορῗιιτὲεὲ

91 2573 164 2618 rer.
175 2551 262 2619 Illud
276 2573 353 2618 vero
365 2553 506 2638 primum
521 2551 599 2618 mihi
614 2551 769 2639 responde
783 2573 899 2616 ruraua.

89 2659 167 2706 aea.
178 2639 215 2705 Si
228 2653 262 2704 tu
276 2639 519 2726 interrogaveris
533 2639 761 2715 convenientia,
777 2637 995 2702 convenientia
1008 2635 1127 2704 audica.

87 2745 161 2792 cur.
177 2723 253 2792 Non
267 2725 431 2814 interrogo
444 2723 515 2802 alia.
530 2738 563 2790 ct
577 2739 611 2790 tu
626 2747 668 2790 ne
682 2725 758 2788 mibi
770 2724 833 2807 plia
849 2725 945 2790 dicer.

88 2832 166 2878 eea.
177 2811 211 2876 O
224 2809 385 2876 somenam
400 2810 608 2877 venerandam
623 2826 655 2878 et
668 2811 767 2876 satum
782 2825 814 2876 et
867 2810 954 2875 nium
972 2829 1076 2872 meum
1092 2807 1100 2874 i

88 2918 162 2966 car.
180 2895 224 2964 Et
236 2919 343 2964 meum
358 2911 390 2962 et
403 2896 506 2985 hujus.
522 2919 603 2962 unus
618 2909 663 2962 eat
678 2897 774 2962 trium
788 2897 820 2962 in
833 2897 968 2962 elicium.

88 2983 253 3060 achua
266 2983 300 3048 in
316 3003 351 3048 re
365 2983 441 3048 bera
454 2981 512 3048 ee?
555 3003 629 3050 cur.
652 2983 729 3048 Hoc
743 3005 784 3048 ex
801 3005 852 3049 me
908 2979 1008 3046 teria?

176 3069 254 3136 Hoc
268 3083 359 3135 tuum
374 3069 539 3134 consilium
554 3069 672 3135 nuliam
688 3069 782 3134 habet
795 3091 857 3156 pru
880 3069 1006 3134 entiam.

86 3177 165 3224 eea.
177 3155 352 3222 Pariimaar
375 3177 446 3222 mea
459 3177 573 3220 aroana
585 3169 659 3222 aunt
672 3155 809 3242 prodita.

87 3263 161 3310 car.
178 3241 265 3310 Nori
278 3241 390 3308 omnia
404 3255 436 3307 et
448 3241 566 3318 audivi,
581 3263 654 3328 quae
669 3256 704 3308 tu
719 3241 796 3306 mibi
811 3242 949 3308 factumn
963 3263 1005 3306 ee.

251 3350 281 3394 m
293 3350 368 3394 vero
376 3339 465 3394 tuum
479 3329 637 3394 silentium
650 3342 697 3392 ert
707 3327 832 3415 signum
844 3329 889 3393 tui
901 3327 1081 3393 confitentia
1093 3334 1106 3390 1
1116 3333 1176 3392 180

232 3415 280 3480 tui
294 3413 397 3480 crebri
412 3415 562 3500 gemitus:
588 3435 627 3479 oe
641 3413 763 3479 laboree
776 3413 923 3480 dicmdo.

84 3523 168 3568 aea.
178 3499 231 3566 ra
244 3515 346 3566 taceo
376 3499 514 3586 Oportet
528 3500 611 3565 euim
628 3499 854 3585 impudentiam

177 3585 270 3652 eeu·
282 3587 438 3652 dicentem
454 3597 571 3672 praeter
584 3586 793 3652 calamitatem
808 3587 981 3652 adsumere.

82 3695 160 3742 cu.
174 3673 261 3738 Audi
275 3693 381 3738 nunc:
405 3672 545 3758 aperiam
560 3673 645 3738 enim
660 3693 846 3750 sermonem,
1180 3745 1186 3754 ⁸

174 3757 219 3824 Ea
232 3781 297 3824 oon
312 3755 448 3844 ampiiua
464 3771 589 3824 utemur
603 3759 824 3846 aenigmatibus
838 3784 857 3824 e
869 3759 1034 3860 proposito
1048 3755 1168 3822 alienia.

175 3843 321 3910 Primum
336 3845 475 3932 quidem,
493 3859 527 3910 ut
540 3843 603 3909 boc
616 3845 721 3932 primo
736 3844 807 3910 loco
821 3845 876 3912 tibi
893 3843 1094 3930 exprobrem,

172 3931 309 3998 Duxisti
323 3953 374 3996 me
388 3931 518 3998 invitam
533 3945 565 3996 et
580 3931 712 4015 rapuisti
726 3934 766 4008 vi,

173 4017 294 4082 Occiro
307 4017 414 4102 priore
428 4017 542 4083 merito
556 4015 705 4096 Tantalo,

174 4101 396 4190 infintemque
410 4125 511 4170 meam
527 4117 583 4168 tuo
597 4102 711 4168 illiaiati
725 4103 878 4168 vestibulo

172 4187 330 4256 Arulaum
346 4189 498 4256 rioienter
512 4215 531 4254 a
546 4189 623 4254 meia
640 4188 806 4256 uberibus:
1099 4199 1179 4258 1140

171 4275 220 4342 Er
233 4273 288 4340 filii
303 4275 392 4342 Jovia
407 4277 531 4361 meique
544 4275 665 4354 fratres,
