2824 4860
485 209 747 280 Httcttnn.

167 381 285 449 Verum
301 383 452 470 quidum
466 381 528 452 tac
541 383 692 455 callidum
707 395 851 468 uitantes

165 469 322 535 Adversus
335 469 419 534 huuc
433 470 572 555 puellam
584 471 742 538 caleulum
756 471 897 542 tulerunt
912 475 1039 546 nentis?

167 555 288 622 Utrum
299 555 400 642 meum
414 558 501 641 ipson
514 556 643 624 induxit
656 557 799 626 hominen
813 558 987 628 interficere

164 641 217 707 Ad
232 642 404 720 tumulum,
419 638 475 708 ubi
489 654 628 710 mantare
643 644 738 710 boves
751 645 853 732 magis
865 643 980 714 deoet‘l

164 729 216 791 An
232 751 287 794 eos
301 731 357 818 qui
370 727 595 796 interfeoerunt
609 751 684 807 em,
700 729 834 798 viciesim
848 731 1025 802 interficere
1040 733 1147 802 volens

164 813 329 881 Adversus
343 815 427 880 hano
440 815 578 882 Achilles
592 818 658 882 'ure
668 817 805 884 intendit
819 817 962 886 caetlem?
1110 830 1174 888 260

163 903 206 965 At
231 903 264 966 ui
278 901 401 967 nudum
415 903 476 988 ipsi
489 901 563 967 hren
572 840 648 970 licit
662 902 791 970 melum.

165 925 327 1053 Hdlenem
342 988 430 1054 illum
445 999 552 1074 petere
564 1003 690 1074 morter
760 989 874 1058 ulchro
886 991 1062 1074 viennam:

165 1072 226 1138 llla
240 1075 326 1140 enim
338 1075 479 1160 perdidit
492 1075 598 1160 ipsum
610 1088 642 1140 et
655 1075 696 1143 ed
743 1077 845 1162 rojam
858 1077 955 1144 dudit

166 1160 201 1226 st
216 1183 292 1226 vero
306 1183 345 1226 oa
381 1162 465 1228 ‘vam
573 1175 605 1226 et
617 1161 757 1247 aliquam
770 1161 917 1235 aeleotnm
931 1166 1013 1232 mori
1084 1225 1087 1234 .

166 1175 500 1315 pulchritudinem
515 1247 722 1329 {ettennon
737 1262 881 1316 nostrum
894 1251 977 1318 hoo:

166 1332 296 1398 Helene
309 1335 395 1400 enim
406 1334 509 1400 forma
522 1345 567 1400 ert
580 1335 850 1420 prestantissima,

166 1418 387 1508 Injuriosaque
401 1443 466 1486 nou
477 1420 585 1486 minus
598 1443 694 1506 quam
709 1442 766 1486 nos
780 1443 849 1488 erae
857 1435 1019 1508 comperto
1032 1436 1089 1492 eet.

166 1505 218 1571 Ex
233 1507 384 1593 equitate
395 1507 535 1594 quidem,
551 1507 703 1572 haetenus
717 1509 891 1576 contendo:
952 1537 955 1548 ¹

166 1593 250 1668 Qute
264 1614 340 1657 vero
355 1593 527 1680 rependere
538 1605 665 1678 oportet
679 1608 721 1673 te,
737 1607 897 1677 repetente
911 1617 975 1674 me,

166 1679 261 1746 Audi.
284 1679 434 1780 Tetigisti
447 1701 550 1744 meam
562 1679 843 1766 (quemadmodum
854 1679 946 1762 dicia)
957 1703 1096 1762 monum,
1109 1688 1173 1750 eto

167 1763 208 1829 Et
222 1765 307 1830 hano
322 1766 448 1843 anilem,
464 1765 620 1843 aooidene,
634 1787 770 1853 genam:
1023 1801 1027 1808 ·

165 1851 315 1917 Vicissim
328 1852 451 1940 attingo
465 1867 520 1917 tun
534 1851 605 1916 hoeo
618 1851 730 1916 eadem
745 1875 816 1938 ego,

166 1936 305 2002 Benefici
386 1961 424 2004 ue
437 1959 570 2024 repoeoo
584 1938 682 2021 prius,
697 1949 729 2002 et
742 1938 885 2025 supplico
899 1937 969 2020 tibi,

166 2023 216 2088 Ne
229 2045 334 2089 meam
347 2025 369 2088 li
384 2027 445 2089 iem
462 2045 505 2089 ex
517 2021 665 2090 manibus
676 2023 810 2103 auferas,

164 2109 279 2197 Neque
292 2109 503 2177 interficiatis:
527 2122 727 2177 mortuorum
741 2111 815 2176 satis
829 2125 893 2176 eet:

164 2195 240 2262 Hac
252 2195 390 2285 gaudeo,
405 2209 438 2262 et
451 2195 620 2264 obliviscor
634 2199 809 2264 matorum:

166 2281 251 2348 Haeo
265 2305 327 2369 pro
340 2282 453 2348 multia
463 2295 511 2348 eet
525 2283 603 2351 miti
617 2282 802 2364 consolatio,

166 2369 297 2448 Civitas,
310 2369 431 2447 nutrix,
444 2367 584 2446 booulue,
599 2367 666 2442 dttx
679 2369 748 2436 uie.

165 2455 241 2522 Non
255 2469 383 2542 oportet
396 2457 532 2522 victores
544 2455 700 2541 impetere
714 2479 786 2542 que
800 2476 865 2522 non
877 2454 1001 2533 decent,

165 2542 279 2629 Neque
292 2563 356 2621 eos,
372 2543 425 2628 qui
441 2541 545 2608 felioer
558 2554 644 2614 sunt,
659 2555 772 2627 putere
786 2565 822 2610 se
831 2541 937 2610 felioea
949 2540 1020 2612 fore
1031 2563 1163 2627 suuper.

166 2627 250 2694 Nam
264 2641 298 2694 et
311 2651 371 2716 ego
384 2651 471 2694 eram
485 2628 573 2706 olim,
588 2629 644 2694 aed
656 2649 742 2694 nuno
756 2649 823 2694 non
835 2628 974 2714 amplius
986 2649 1067 2706 sunt.
1111 2633 1171 2695 281

165 2713 356 2782 Universam
371 2737 447 2781 vero
460 2715 639 2780 felicitatem
653 2714 721 2780 dies
735 2737 799 2782 una
813 2714 893 2781 mihi
906 2716 1035 2801 eripuit.

166 2801 240 2880 Sed,
257 2802 290 2867 Ο
305 2801 437 2871 olrentm
452 2815 605 2879 mentum,
619 2801 789 2866 reverearis
804 2823 865 2878 me,

166 2885 342 2967 Mirenere3
363 2887 483 2954 vadent
494 2887 570 2953 vero
583 2886 626 2952 ad
640 2887 832 2954 fumeorum
843 2887 1027 2964 exereitum,
1116 2879 1126 2896 ’

166 2974 324 3052 Admone,
340 2997 437 3062 quem
451 2974 628 3040 interlieere
642 2973 829 3044 inuidiosum
844 2975 884 3040 rit

166 3059 331 3139 Mulieres,
347 3067 439 3147 (qma
452 3061 591 3147 primum
605 3082 671 3126 nou
685 3057 898 3141 interfecistis)

166 3148 219 3212 Ab
232 3147 385 3212 altaribus
399 3147 577 3224 avellentes,
589 3147 643 3212 aed
659 3147 778 3214 miserti
792 3146 875 3214 estis.

167 3235 232 3299 Lex
247 3235 332 3300 enim
347 3234 430 3298 inter
443 3247 545 3299 voret
558 3233 667 3299 liberie
680 3255 771 3320 equa

166 3317 208 3386 Et
221 3321 320 3392 aereis
332 3320 376 3385 de
387 3321 540 3409 unguine
555 3321 658 3404 ponite
671 3333 726 3385 eat.

167 3405 270 3471 Porro
283 3405 318 3469 di
364 3405 433 3484 itna,
449 3408 543 3472 etiam
557 3406 585 3472 ri
597 3429 694 3493 prave
706 3407 804 3484 dinae,
820 3419 879 3472 tua.
1111 3409 1175 3470 290

167 3492 328 3559 Persuade
351 3492 393 3556 it:
418 3493 530 3560 Sermo
544 3494 628 3558 enim
642 3494 684 3559 ab
699 3493 907 3560 inoelebribue
921 3489 1080 3576 protectur

166 3579 210 3644 Et
222 3603 241 3648 a
256 3579 436 3646 oetebeibm
447 3579 543 3660 idem,
557 3598 624 3651 non
637 3580 721 3644 idem
738 3578 828 3645 ualet.

91 3666 240 3732 cnoNon
254 3679 303 3731 eet
317 3665 398 3732 ώο
412 3666 515 3754 rigide
528 3666 664 3732 hominii
675 3677 800 3744 natura,

166 3751 248 3830 Quae
263 3753 409 3817 luctuum
424 3765 551 3820 tuorum
565 3766 598 3818 et
611 3753 777 3842 longatum
792 3749 1076 3837 complorationem

166 3839 307 3904 Audiens
319 3838 424 3916 fletus,
439 3862 503 3905 uon
519 3839 658 3906 effundat
668 3843 834 3925 lacrymer.
964 3907 966 3912 ,

92 3938 141 3984 ⁰¹·-
165 3925 197 3992 Ο
213 3924 361 4000 Hecuba,
372 3925 469 4004 dirce,
480 3948 584 4013 neque
596 3947 663 4012 pne
673 3935 728 3992 tua
743 3926 792 3992 ira

164 4009 223 4077 Me
235 4013 316 4078 bene
330 4011 487 4078 dicentem
501 4012 657 4082 inleoaum
672 4011 831 4080 existima
843 4011 960 4078 animo.

166 4097 236 4182 Ego
251 4098 381 4185 quidem
396 4111 486 4165 tuum
501 4123 628 4186 eorpua,
639 4121 699 4186 per
710 4099 796 4185 quod
811 4097 886 4164 felix
902 4097 961 4178 fui,

141 4259 144 4268 ¹
165 4187 295 4252 Servare
308 4198 438 4272 paratus
451 4209 531 4265 sum,
547 4199 578 4252 et
592 4179 657 4252 n'on
672 4186 761 4251 aliter
774 4185 864 4252 dieo:
1034 4194 1040 4214 ‘
