2854 4866
276 215 340 278 tot
659 207 988 274 EURIPIDIS

361 381 404 448 Et
418 379 519 446 fecere
532 379 669 446 amicum
683 391 787 445 totum
801 379 955 466 populum
971 379 1210 447 Atheniensem.

361 465 405 534 Et
419 465 573 554 siqnidem
588 467 750 549 postulatis
762 479 914 544 snnnsnt,
930 467 1134 556 renogrndu

360 553 462 618 Veni:
484 555 510 618 si
521 573 597 617 sero
606 573 719 638 parere
729 553 842 631 nolint,
854 553 925 618 lroec
936 553 1287 636 morsmndsvffhu,
1298 565 1365 626 800

360 641 657 704 commessationem
672 659 773 703 meam
789 639 966 705 semiferum
981 653 1018 705 nt
1030 655 1218 728 expectent:

360 723 530 792 Exercitus
545 725 629 788 enim
644 724 775 790 sedetet
790 739 968 791 recensetur
980 747 1119 812 proesons

359 811 456 878 Circe
471 808 687 876 cultellorum
697 823 818 897 putem
833 825 976 878 sanctum
990 827 1121 900 psrstns¹
1133 813 1198 878 ille.

358 896 401 965 Et
416 897 544 983 quiden
558 897 667 962 rolens
680 911 712 963 st
724 897 825 963 libens
838 901 974 986 suscepit

358 983 480 1050 Cisitss
492 982 581 1048 hunc
594 983 746 1061 laborem,
761 999 928 1073 postquem
943 986 1040 1051 sensit
1054 1008 1106 1052 me
1117 986 1208 1052 velle.
1324 991 1329 1000 '

356 1069 478 1136 Ehsms
501 1071 572 1156 quis
585 1071 653 1148 iste,
669 1074 723 1156 psi
736 1075 845 1136 rtoctrt's
856 1071 1053 1137 sermonibus
1066 1069 1261 1139 intervenit?

356 1155 541 1234 Ἱὶεδιιιιιε,
557 1171 592 1221 ut
606 1157 741 1233 ridetur,
756 1179 821 1222 non
835 1161 913 1222 mim
925 1171 1010 1223 certe
1022 1161 1083 1224 soto
1097 1181 1138 1224 sn
1150 1161 1202 1225 sit.

358 1243 479 1322 Prteco,
495 1257 640 1328 expects,
653 1244 680 1308 si
694 1245 749 1307 iste
763 1257 795 1308 tc
809 1243 918 1308 liberet
931 1245 993 1310 hoo
1006 1244 1131 1311 ltbore:

359 1327 587 1416 Prolectnsquc
601 1333 665 1406 ltus,
681 1343 826 1394 oocurrst
839 1330 917 1395 meis
931 1332 1077 1396 consiliis.

271 1413 441 1494 rumis
455 1427 499 1482 etr
512 1429 665 1504 tyrannus
679 1414 795 1480 terres?
815 1419 854 1480 sd
869 1439 961 1502 quem
978 1429 1104 1504 oportet
1117 1439 1168 1482 me
1181 1419 1340 1484 nunciare

355 1503 463 1570 Verbo
478 1503 636 1580 Creontis,
651 1503 705 1590 qui
719 1503 855 1588 imperet
870 1503 1001 1584 Thebis,
1291 1515 1356 1572 401

357 1589 487 1656 Eteocle
499 1587 664 1654 interfecto
677 1587 764 1674 apud
778 1589 993 1674 septemplices

356 1676 470 1744 Porus
483 1699 503 1742 s
518 1697 614 1742 menn
628 1673 732 1740 lrntris
750 1675 917 1764 Polynicis.

266 1761 501 1832 ruminiacum
538 1761 643 1828 uidem
657 1763 779 1848 erupisti
793 1764 967 1827 orationem
981 1761 1069 1842 fslso,
1084 1763 1209 1849 hospes,

354 1785 579 1930 Quercmlric
593 1867 780 1938 tynnnum:
803 1849 964 1914 nonenim
981 1850 1100 1937 regitur
1113 1851 1178 1914 tac

354 1937 409 2006 Ab
423 1957 488 2002 uno
503 1935 581 2014 ciro,
596 1935 652 2001 secl
667 1949 713 2000 cst
726 1933 824 2000 libers
838 1935 964 2000 civitas:

355 2021 498 2108 Populus
511 2023 595 2088 enim
610 2023 744 2106 imperet
758 2023 950 2088 successione
962 2043 1021 2108 per
1034 2023 1116 2086 vices

351 2113 478 2186 Annus,
493 2130 558 2173 non
573 2107 689 2172 divitiis
704 2107 844 2173 tribuens

353 2195 540 2270 Plurimum,
557 2193 611 2258 sed
626 2195 718 2259 etism
734 2217 855 2279 pauper
868 2193 987 2258 hebens
995 2198 1048 2282 jus
1112 2193 1193 2259 usle.

264 2282 463 2352 rullnutu
477 2281 605 2370 quidem
621 2281 683 2345 hoc
696 2281 797 2356 nobis,
813 2295 847 2344 nt
862 2282 894 2344 ln
910 2281 1044 2345 talorum
1060 2280 1092 2344 lu
1162 2283 1220 2346 tlss
1290 2293 1356 2349 410

351 2367 487 2436 Melius:
510 2369 620 2433 civitas
634 2368 730 2444 enim,
745 2390 765 2430 a
779 2389 841 2452 qun
855 2389 915 2453 ego
928 2369 1031 2446 venio,

352 2455 487 2546 Regitur
500 2453 541 2520 sb
555 2475 620 2518 nno
635 2455 712 2530 viro,
728 2473 792 2516 non
807 2477 827 2517 s
841 2454 950 2517 turbe:

348 2541 462 2630 Neque
476 2553 533 2618 est,
548 2540 602 2626 qni
619 2561 686 2604 enm
705 2540 806 2604 verbis
820 2540 965 2604 inanibus
980 2539 1184 2606 tumefnciens

348 2627 401 2694 Ad
416 2651 505 2694 strum
521 2626 699 2704 utilitatem,
714 2625 793 2690 nlius
806 2626 869 2689 elio
884 2639 993 2690 vertet.

347 2713 414 2794 Qui
423 2715 490 2802 jem
505 2727 624 2802 gratus,
640 2727 673 2776 et
687 2712 820 2776 multum
835 2713 1030 2800 gratificatus

349 2802 471 2868 Rursus
486 2801 582 2878 lesdit,
597 2798 712 2864 deinde
726 2800 814 2862 novis
828 2798 993 2862 columniis

345 2887 474 2976 'legens
488 2887 595 2974 priora
608 2899 711 2950 crrsts
725 2883 835 2972 effugit
848 2905 987 2969 prensm.

345 2973 487 3062 Alioqui,
503 2971 665 3060 quomodo
678 2993 743 3035 non
759 2984 842 3036 recte
856 2969 993 3035 rationes
1006 2973 1202 3050 sumimus,

347 3059 446 3126 Recto
460 3071 564 3146 posset
578 3057 717 3144 populns
733 3079 840 3145 regere
854 3057 1036 3122 civitatem?

342 3147 481 3232 't‘esupus
496 3147 580 3210 enim
596 3144 774 3210 doctrinam
789 3165 883 3230 quem
897 3143 1049 3221 celeritas,
1283 3157 1350 3216 400

343 3231 511 3298 Meliorem
526 3231 592 3296 dot.
637 3229 754 3293 Labori
770 3232 853 3294 enim
867 3229 991 3295 deditus
1006 3231 1065 3295 Vir
1078 3251 1214 3318 pauper,

344 3317 473 3384 Etiamsi
489 3317 543 3402 qui
560 3315 688 3390 laboret,
704 3327 734 3379 et
749 3337 855 3380 rerum
870 3315 1036 3402 imperitus
1049 3318 1093 3381 ob
1105 3339 1216 3404 opsrn,

342 3403 417 3470 Non
432 3416 537 3490 posset
550 3402 590 3468 sd
605 3401 732 3487 publice
746 3405 900 3467 commodo
915 3399 1082 3487 respicere.

342 3489 445 3558 Pom
459 3489 541 3554 tusis
557 3511 606 3553 res
619 3501 667 3553 est
679 3488 749 3552 haec
762 3489 1045 3574 praestsntioribns,

338 3575 480 3657 Quando
494 3574 656 3663 improbus
672 3575 719 3638 vir
732 3575 935 3662 consequitur
945 3577 1142 3664 dignitatem,

340 3663 495 3732 minens
509 3661 663 3748 populum
679 3659 796 3750 lingue,
813 3661 867 3748 qui
882 3663 970 3748 prins
986 3661 1066 3726 nihil
1081 3662 1152 3728 fnit.

250 3749 482 3821 suniemirus
497 3759 541 3814 ert
554 3749 613 3812 ists
626 3770 742 3834 proeco,
758 3761 789 3812 et
804 3747 961 3814 facundiae
975 3766 1032 3834 per
1045 3749 1147 3814 otium
1168 3749 1344 3820 nudiosns.

338 3837 511 3924 linquam
525 3849 629 3900 sutem
646 3847 679 3898 tu
691 3857 817 3920 quoque
828 3835 861 3899 in
877 3835 937 3900 hoc
948 3835 1343 3920 cuniculoueeeseunti,

334 3923 435 3991 Audit
459 3935 495 3988 tu
509 3921 593 3988 eninr
608 3933 766 3986 certamen
781 3920 942 3986 instituisti
956 3921 1150 3988 sermonum.

336 4007 423 4074 Niltil
438 4023 483 4074 est
500 4006 639 4074 inlistius
653 4007 783 4085 civitati,
800 4029 894 4094 quern
910 4021 1072 4094 tyrannus,
1274 4023 1343 4080 430

340 4093 558 4182 lutmiorum
574 4092 700 4182 quidem
716 4115 780 4158 oon
796 4105 868 4158 sunt
883 4095 966 4182 leges

335 4183 539 4256 (intumuisse,
557 4201 637 4246 trous
652 4201 727 4244 roro
741 4181 875 4266 imperet
889 4181 989 4270 legem
1005 4179 1170 4266 possidens

337 4265 407 4352 ltus
421 4267 505 4367 qiud
520 4288 563 4341 ors
579 4281 609 4332 et
626 4266 686 4332 boc
700 4287 763 4332 non
774 4268 841 4352 jem
908 4268 981 4332 urle
993 4283 1049 4334 est.

334 4353 465 4439 &ripis
482 4375 556 4420 teto
571 4353 701 4436 legibus,
717 4369 749 4418 et
763 4351 876 4418 imbec'
905 4377 939 4420 nt
