2798 4862
265 191 503 262 remecurt
526 191 578 261 ΙΝ
596 193 793 266 nummu
1001 201 1061 265 821

65 389 117 435 ror.
125 367 253 446 Quomodo
262 365 380 434 dixisti?
400 389 464 434 non
480 369 627 436 convenit
641 371 813 459 recingere
827 383 913 438 tnsrn
927 369 1052 438 ritem?

65 478 114 521 rru.
126 455 235 533 Minime,
247 455 305 540 qnia
316 456 394 519 mihi
407 477 472 521 reon
487 455 677 524 excitabitur
688 457 901 544 sepulchrum.

64 565 111 608 un.
122 542 189 619 Quid
201 563 264 619 vero,
276 563 310 606 en
325 563 388 607 non
405 543 586 628 sepelienda
599 543 701 608 nint?

69 626 431 708 innocentiorem,
446 631 507 694 erit
521 627 599 694 milri
614 629 827 715 sepulchrum.

64 735 108 780 nr.
118 719 158 790 dt,
172 713 266 789 Ofilio,
277 717 423 801 obsequen
437 715 512 780 tibi:
537 715 617 780 bene
629 717 715 780 enirn
729 712 819 782 dicis.
878 754 880 761 ι

64 799 671 954 zltlnhncnninzlnt
686 803 860 869 cn...

64 995 103 1038 ru.
114 973 154 1038 Ne
165 909 225 1058 idtio
236 971 346 1059 quidem
358 973 535 1040 circumdes
548 974 655 1062 nigra
668 985 778 1039 vester.

64 1057 251 1160 zullupdncnr¹
271 1081 337 1190 '⁰2⁹⁰
361 1073 487 1147 gratum
512 1061 645 1126 verbum
672 1060 777 1126 dicem
806 1061 981 1150 virginibus
1008 1075 1065 1128 tuo

181 1167 300 1210 nomme.

64 1252 97 1294 n.
110 1231 147 1296 Ut
159 1229 274 1296 rdecnt:
294 1229 437 1296 Orestem
452 1251 527 1296 vero
542 1230 628 1297 hunc
641 1231 776 1298 educato
788 1231 868 1297 urihi
882 1233 916 1300 in
931 1233 1047 1300 rlrunr.
1093 1279 1099 1290 .

64 1339 93 1383 r.
105 1317 289 1402 complectere
300 1339 371 1382 eum
385 1339 479 1404 quern
496 1333 689 1403 postremum
704 1318 803 1384 vides.
984 1327 1062 1388 1481

64 1425 92 1468 n.
104 1404 130 1468 Ο
143 1403 305 1480 charissime,
316 1403 434 1487 juvisti,
452 1417 606 1490 quantum
620 1406 761 1491 potuisti,
777 1405 905 1472 etnicos.

65 1512 88 1555 r.
100 1490 186 1556 Estne
196 1488 300 1576 aliquid
312 1490 398 1576 quod
416 1491 511 1580 Argis
525 1491 583 1556 tibi
596 1504 723 1579 gratum
738 1491 840 1556 fecere
853 1489 994 1578 ponim?
1072 1513 1073 1523 ¹

65 1598 87 1640 r.
100 1575 197 1641 Meum
209 1590 326 1662 petrem,
342 1589 494 1663 tuomque
508 1578 668 1655 moritum,
684 1599 725 1643 ne
738 1577 852 1643 oderis.

65 1685 82 1726 r.
95 1665 215 1747 Oportet
226 1662 305 1728 illuto
320 1661 400 1728 doru
413 1664 587 1728 certamine
600 1677 731 1750 propter
744 1677 776 1730 te
790 1663 904 1730 subire.

65 1771 80 1813 l.
92 1749 201 1814 Inritus
215 1770 259 1814 me
271 1769 327 1832 pro
339 1749 465 1814 Graecia
480 1748 629 1835 perdidit.

65 1857 78 1899 ’.
91 1835 149 1900 Sed
162 1835 238 1912 dolo,
253 1855 313 1898 non
326 1856 489 1922 generose,
503 1849 537 1900 et
551 1835 680 1923 indigne
716 1855 810 1900 encre
825 1833 926 1900 Atrei.

65 1945 76 1987 ¹.
90 1921 165 1998 Quis
177 1921 256 1986 rodit
267 1920 418 1988 ducturus
432 1944 493 1998 me,
508 1935 676 2008 antequem
691 1857 867 1986 deicerentur
879 1919 1005 1986 comte?

65 2007 153 2090 .Ego
168 2020 261 2072 tecum
276 2007 337 2072 ibo.
382 2028 453 2073 rou.
479 2007 709 2094 Nequaquam
731 2027 796 2072 non
812 2021 898 2074 recte
909 2007 999 2072 dicis.

65 2094 252 2160 ‚Adhoerens
265 2107 326 2158 tuoe
340 2096 427 2160 resti.
453 2115 530 2160 reu.
546 2093 740 2180 Obtcrnpern
753 2093 843 2170 milri,
856 2105 969 2172 meter,
984 2103 1068 2161 1440

81 2180 193 2246 Mune:
215 2182 287 2266 quis
298 2193 331 2245 et
344 2179 421 2246 mihi
436 2193 469 2246 et
482 2180 540 2246 tihi
555 2180 618 2245 hoc
632 2191 675 2246 eet
690 2181 861 2246 honestius.

77 2266 198 2352 Aliquis
212 2288 284 2331 reto
296 2265 410 2332 horum
425 2264 614 2332 famulorum
629 2268 729 2351 putris
744 2266 912 2333 comitetur
925 2287 978 2332 ure

76 2353 114 2417 In
131 2365 254 2435 pratum
268 2351 395 2431 Disnae,
410 2352 466 2418 ubi
479 2353 654 2419 merleber.

83 2441 114 2503 Ο
129 2438 204 2518 iilis,
219 2437 378 2504 discedis?
420 2459 492 2504 ren.
517 2437 584 2504 Nec
598 2435 862 2524 iterunompliuo
876 2438 997 2504 redibo.

68 2525 193 2590 Relicta
207 2537 317 2590 matre.
361 2541 432 2590 ren.
458 2525 505 2592 Ut
519 2525 616 2604 vides,
633 2525 774 2612 indigne.

65 2613 148 2678 Siste
167 2611 317 2762 findam?
331 2633 394 2676 neu
417 2633 467 2677 me
487 2613 620 2676 deseres.
666 2629 742 2678 rrrr.
774 2611 848 2675 Non
871 2611 942 2674 sino
966 2621 998 2674 te
1023 2608 1068 2674 le·

149 2720 169 2762 c
194 2717 327 2784 rymern

65 2784 128 2848 Vos
146 2803 233 2862 vero,
251 2782 285 2849 Ο
299 2779 426 2870 puelle,
442 2783 575 2850 occinite
615 2784 618 2792 ‘

64 2870 250 2936 Salamitsti
264 2891 347 2934 meoe
363 2869 491 2948 Paecntu
507 2869 594 2935 doris
609 2869 705 2934 fllium
824 2891 828 2898 ·

65 2957 221 3022 Manem:
246 2956 355 3022 veniet
368 2968 474 3020 nutem
488 2957 606 3021 bonum
621 2975 715 3020 omen
730 2955 864 3020 Groecis.

65 3041 456 3194 daisstratigitluhffldhk
470 3043 663 3195 audiioetteur'
678 3055 711 3106 et
725 3043 806 3132 ignis
819 3041 933 3129 flagret
988 3044 1071 3106 1450
1142 3045 1146 3058 “

89 3149 269 3193 creseere
298 3151 319 3193 n
350 3149 408 3192 ror
433 3151 485 3194 us:
552 3149 593 3214 po
627 3147 746 3196 rmeus

65 3217 181 3281 'coest
194 3236 295 3280 uram
309 3213 441 3280 dextrae
463 3215 538 3302 quin
551 3215 683 3281 salutm

65 3302 177 3367 ³roecis
193 3301 324 3367 dature
336 3299 419 3366 vedu
432 3299 604 3366 victricem.

65 3389 173 3454 tucite
188 3385 250 3452 u'rc
267 3387 325 3452 liii

65 3489 78 3539 t
96 3475 293 3562 Phrygum
309 3475 580 3562 expugnatricem.

65 3575 124 3626 ote
139 3581 287 3624 corone
301 3560 489 3640 ambientes,
503 3559 628 3627 efferte:
652 3579 743 3624 come

65 3669 122 3712 uec
139 3646 343 3711 attrahitur
356 3647 498 3712 coronis:

80 3733 257 3798 fortunis
274 3731 413 3798 lavacris

65 3819 314 3885 rcuitecircu
330 3819 512 3904 Templum,

65 3929 126 3970 rea
145 3907 275 3970 Aram
294 3904 449 3987 Dinnutrr,

65 4013 183 4056 snam
205 3991 381 4079 reginem,

65 4101 126 4142 am
146 4077 322 4143 beatam.
368 4077 455 4154 Quia
468 4095 550 4154 meo,
565 4075 591 4140 si
606 4095 686 4161 opus
699 4077 768 4158 m't,

66 4164 212 4250 rguine
230 4177 274 4230 et
294 4163 490 4229 mactatione

65 4251 175 4316 ucula
197 4249 405 4316 absolvunt.

477 4361 481 4366 ·
523 4355 542 4398 r
