2794 4862
289 229 563 299 llcusuls.
802 253 804 258 ·
884 237 947 299 206

205 405 320 493 egreditur
331 427 362 471 er
373 405 497 472 edibus.

205 493 262 570 ovis,
276 492 409 577 Perseique
422 516 442 558 a
456 491 609 580 sunguipe
621 503 695 557 orte.

205 599 266 654 ‚rex
279 577 479 656 Thessalorum,
497 577 641 644 Admeto.
887 585 952 644 580

204 665 292 728 sidem:
310 665 362 729 soio
373 677 400 730 te
411 665 489 729 mihi
503 687 569 730 esse
584 663 779 730 benevolum.

204 773 239 814 em
252 763 356 815 tonsure
366 750 418 816 huc
432 751 561 840 lugubri
572 751 700 840 insignis
715 747 769 815 es?

206 857 261 900 sun
275 835 351 902 hodie
362 837 511 923 quoddam
526 838 670 902 cadaver.

214 935 300 987 oroeot
311 922 409 988 malurn
425 947 443 988 o
455 924 516 988 tuis
530 923 645 988 liberis.

203 1009 287 1074 nibus
296 1011 379 1086 liberi,
390 1031 467 1096 quos
482 1032 542 1098 ego
556 1009 661 1096 genui.

203 1095 305 1160 Fortasse
316 1117 375 1162 aero
387 1107 525 1160 moturus
539 1097 626 1174 obiit,
642 1097 667 1160 si
681 1095 777 1162 modo
791 1095 879 1161 obiit.

207 1195 234 1245 et
246 1195 331 1246 meter
342 1203 413 1259 meo,
429 1181 462 1246 0
474 1181 639 1248 Hercules.
733 1197 738 1204 ’

202 1267 306 1333 hlcestis
319 1279 366 1333 tuo
379 1289 457 1332 uxor
472 1267 574 1333 obiit?

201 1353 224 1416 le
237 1377 270 1418 eo
282 1376 391 1438 possum
407 1353 606 1440 respondere.

201 1455 299 1517 sortuo,
312 1463 348 1504 on
360 1441 396 1505 de
410 1442 480 1504 vivs
493 1440 596 1506 diois?

201 1540 237 1602 st,
251 1539 279 1591 et
291 1525 387 1590 dolore
401 1526 496 1590 officit
511 1550 570 1592 rne.

200 1613 268 1689 scio;
289 1612 411 1677 obscuro
425 1614 507 1678 enim
522 1613 610 1678 diois.

200 1720 251 1775 um,
266 1701 342 1785 quod
355 1699 454 1763 subire
469 1721 537 1762 eom
553 1696 704 1783 oportet?

201 1785 322 1848 sensisse
333 1807 389 1869 pro
402 1801 434 1849 re
449 1786 540 1850 mori.

199 1872 259 1934 itur
272 1869 368 1946 sdhuc
381 1881 437 1950 est,
452 1870 603 1956 siquidem
618 1869 687 1934 haeo
700 1868 865 1954 promisit?

199 1981 202 2015 ε
217 1967 322 2038 templu
334 1977 461 2020 uxorem
474 1954 558 2044 luge,
573 1957 606 2018 in
621 1955 682 2019 hoo
696 1953 796 2019 differ.

199 2043 325 2122 ulturus,
342 2055 368 2107 et
385 2043 438 2130 qui
460 2056 602 2108 mortuus
622 2053 679 2119 est,
694 2063 757 2106 non
778 2041 910 2126 amplius
925 2042 958 2107 in

198 2237 215 2278 n
229 2214 372 2280 interesse
381 2215 577 2281 existimetur
590 2215 672 2279 inter
681 2237 747 2280 esse
761 2225 792 2281 et
805 2236 869 2280 non
884 2235 961 2298 esse.

198 2350 204 2380 ,
220 2301 382 2381 Hercules,
398 2324 458 2390 ego
471 2324 546 2367 vero
560 2301 659 2366 aliter.

197 2385 268 2452 ros?
289 2389 358 2474 quis
373 2389 544 2454 amicorum
562 2401 704 2453 mortuus
718 2385 807 2453 estl'
899 2393 962 2454 550

197 2475 268 2538 ieris
282 2475 378 2540 modo
392 2475 600 2540 meminimus.

197 2583 285 2648 geos,
301 2583 342 2625 on
357 2583 429 2648 quae
443 2562 500 2626 tibi
516 2572 650 2650 cognata
663 2558 780 2624 hrerit?

197 2649 233 2711 ed
250 2662 357 2722 tomen
373 2659 441 2713 eret
455 2649 630 2712 necessaris
642 2648 713 2710 mels
726 2645 857 2710 sedibus.

199 2747 251 2798 tur
266 2735 299 2797 in
316 2735 380 2798 tuis
394 2734 515 2799 aedibus
527 2734 622 2798 vitem
638 2731 764 2798 emisit?

197 2831 237 2884 est
251 2819 388 2904 pupille,
405 2833 494 2906 petre
507 2832 645 2885 mortuo.

197 2929 217 2968 n
233 2905 466 2970 invenissemus
481 2919 522 2983 te,
534 2904 678 2984 Admeto,
689 2925 753 2968 non
769 2901 948 2968 dolentem!

204 2991 356 3056 facturus
371 2992 458 3057 hunc
473 2991 595 3056 subsuis
609 2987 808 3056 sermonem?

197 3079 268 3142 ,iem
285 3077 422 3143 domum
438 3078 503 3144 ibo.

197 3185 275 3228 rex:
301 3186 346 3227 ne
362 3177 488 3230 tontum
502 3165 578 3228 mihi
591 3163 695 3228 veniat
709 3162 837 3229 mulum.

197 3261 354 3337 ugentes,
372 3251 488 3327 veniet,
503 3249 650 3314 molestus
664 3261 718 3316 est.
904 3255 968 3314 560

197 3336 323 3414 rortui:
350 3335 410 3400 sed
425 3349 458 3400 tu
474 3337 545 3400 veni
559 3337 591 3400 io
607 3336 700 3401 sedes.

197 3423 215 3485 d
234 3421 396 3510 lugentes
410 3421 529 3508 epulari
545 3423 691 3509 hospites.

197 3509 287 3573 tium
314 3509 488 3573 coenoculo
512 3520 595 3585 sunt,
617 3509 649 3572 in
672 3531 744 3595 qooe
769 3521 801 3574 te
826 3506 969 3572 introdu-

197 3733 198 3738 1
215 3681 284 3746 tibi
302 3681 485 3746 maximam
500 3681 624 3746 habebo
637 3682 782 3769 gretiam.

197 3770 245 3834 ire
261 3767 301 3832 in
320 3768 461 3832 alterius
475 3767 535 3832 viri
549 3767 691 3834 domum.

197 3875 298 3919 rrum
316 3854 446 3919 aedium
462 3855 600 3918 externis
613 3855 634 3918 i.
647 3877 672 3920 e.
683 3853 807 3937 poeticis

199 3941 246 4018 is,
266 3953 306 4006 et
324 3941 436 4005 horum
451 3939 606 4024 praesectis
619 3939 680 4018 dio,

197 4027 244 4090 sit
262 4027 397 4112 copia:
422 4025 506 4091 intus
521 4048 596 4090 vero
610 4025 747 4090 claudite

197 4113 261 4176 lias
278 4112 465 4189 aularum3
487 4133 551 4176 non
566 4111 655 4176 deoet
669 4115 747 4177 enim
762 4111 923 4200 epulantes

197 4223 204 4262 ι
225 4221 358 4286 neque
375 4198 488 4264 dolore
502 4197 582 4262 offici
597 4197 744 4285 hospites.
911 4203 974 4266 570

197 4286 318 4352 >usito
337 4297 438 4352 tanto
450 4285 655 4362 calamitate,-
