2852 4862
495 223 786 294 TROADES.
1114 233 1181 295 406

93 401 285 553 amVidap
296 401 439 468 Deorum
454 403 586 480 nonita,
601 423 674 489 qma
688 397 866 488 ecquidem
889 399 1046 468 extollunt
1058 401 1091 466 in
1106 400 1182 467 aub-

274 509 349 566 rme,

175 577 263 654 Qum
276 574 357 640 nihil
370 589 456 652 aunt,
471 573 608 660 gloriosa
622 595 698 638 vero
712 571 860 658 perdunt.

93 683 142 729 nt.
171 663 325 729 Abdncor
338 660 447 746 praeda
460 681 532 725 eum
549 659 633 724 filio:
656 659 803 724 nobilitas
818 681 893 724 vero

176 747 321 814 venitin
336 749 528 824 servitutem,
543 757 645 812 tantae
659 743 779 810 habens
791 745 992 811 mutotioner.
1105 737 1116 762 ⁹

93 833 376 902 necNeeeoimtis
389 835 481 898 robur
495 845 537 896 ert
551 831 721 896 invictum:
742 829 840 897 modo
854 845 886 897 et
899 855 920 896 a
934 853 986 897 me

176 921 266 986 Abiit
281 917 459 985 Cassandra
473 916 580 983 arulae
594 939 651 1004 per
665 917 738 982 vim.

93 1027 143 1074 atr.
170 1005 274 1092 (Hert,
290 1005 353 1072 heu
366 1003 391 1086 Ι)
413 1003 547 1091 Aliquis,
562 1017 599 1069 ut
613 1003 745 1078 videtur,
761 1004 916 1069 recundua
930 1004 1015 1090 Ajcx

174 1093 335 1179 Apparuit
348 1105 413 1156 tute
427 1090 520 1156 tiliae:
544 1089 667 1156 laborm
678 1111 754 1154 vero
768 1103 800 1154 et
814 1089 882 1155 aliia
896 1091 997 1156 molis.

93 1199 164 1246 uc.
175 1181 322 1250 Quorum
336 1199 438 1263 neque
453 1177 576 1254 modat,
592 1196 694 1261 neque
709 1197 858 1240 numerus
872 1185 919 1240 eat
933 1175 1030 1240 mihi:
1110 1181 1176 1244 62⁰

174 1263 300 1330 Malum
315 1265 399 1328 enim
415 1262 498 1329 melo
512 1273 623 1328 certat.

92 1371 144 1416 ιιι.
169 1349 303 1416 Mortua
318 1349 375 1414 tibi
392 1363 441 1414 eat
455 1347 520 1414 filia
536 1347 698 1434 Polyxena
712 1346 752 1412 ad
768 1347 924 1412 tumulum

173 1435 308 1502 Achillia
323 1447 467 1514 mactata,
484 1455 600 1500 munuc
613 1433 752 1498 exanimi
765 1433 919 1499 cadaveri.

92 1523 246 1590 naclleu
260 1543 312 1586 me
327 1521 470 1586 miseram
482 1520 489 1586 l
515 1519 576 1585 hoc
590 1519 667 1584 illud
681 1533 728 1584 eat
742 1519 827 1606 quod
845 1519 923 1584 milri
936 1517 1056 1584 dudum

171 1607 363 1695 Talthybius
376 1607 457 1672 dixit
470 1607 608 1696 cenigma
621 1605 821 1692 perspicuum
838 1627 902 1670 non
917 1605 1091 1692 perspicue.

91 1715 142 1762 att.
173 1695 187 1760 l
293 1694 361 1780 ipsa
375 1693 450 1772 ridi,
465 1707 497 1759 ct
511 1691 704 1758 descendens
717 1695 757 1756 de
771 1692 832 1756 isto
845 1713 939 1756 curru

172 1715 285 1846 διιεῖ
299 1779 401 1866 peplia
414 1782 521 1862 ipsam,
537 1795 569 1846 et
582 1777 716 1844 cadaver
729 1777 848 1862 planxi.

91 1885 162 1934 etc.
172 1865 263 1944 Heu,
279 1865 352 1944 laert,
367 1865 444 1945 lilia,
459 1869 502 1930 olr
516 1880 603 1933 tuem
618 1863 866 1929 immolationem
882 1862 1103 1928 exaemndam
1116 1859 1124 1928 l

172 1951 261 2032 Heu,
278 1951 340 2018 heu
354 1953 478 2029 iterum,
494 1974 589 2039 quam
605 1949 687 2016 male
700 1947 819 2036 periisti
831 1947 839 2013 l

88 2058 140 2104 ιιι.
167 2039 277 2116 Periit,
292 2051 329 2102 ut
341 2039 452 2124 periitr
475 2039 528 2104 eccl
544 2051 649 2104 tamen
664 2058 759 2124 quom
774 2057 835 2124 ego
1106 2043 1169 2102 680

169 2125 257 2202 roc
271 2125 342 2190 vira
356 2145 437 2203 rum,
452 2124 590 2192 feliciore
602 2123 667 2190 fato
682 2122 784 2208 periit.

90 2211 243 2278 necnon
256 2209 343 2278 idem
357 2223 413 2288 eal,
430 2210 506 2289 filie,
520 2212 634 2288 vivere,
650 2211 735 2295 qood
749 2209 840 2274 mori.

171 2297 321 2362 Mortuus
334 2297 417 2362 enim
433 2295 513 2360 nihil
526 2310 583 2374 cat,
599 2317 668 2382 apes
683 2315 758 2359 vero
774 2297 880 2360 insunt
892 2295 976 2360 vitre.

89 2403 142 2452 art.
166 2383 212 2470 (Ο
238 2395 348 2462 meter,
378 2382 431 2448 red
455 2403 528 2468 qme
557 2405 621 2448 non
647 2381 807 2466 peperisti,
832 2379 1078 2468 pulcherrimum
1105 2399 1169 2444 ter-

251 2491 378 2534 monem

169 2555 266 2634 Audi,
282 2567 319 2620 ut
333 2469 397 2622 tual
410 2554 602 2640 voluptatem
618 2553 755 2640 injiciam
771 2555 879 2619 menti.

168 2641 241 2708 Non
258 2653 369 2708 natum
383 2663 450 2708 etue
463 2638 585 2728 equale
598 2637 671 2704 dico
685 2639 790 2716 morti,

169 2729 212 2794 Αι
225 2727 339 2793 melina
353 2743 399 2794 ert
415 2729 496 2792 mori
510 2745 604 2812 quam
620 2725 800 2791 calamitose
814 2725 927 2790 virere.

168 2813 257 2880 Nihil
272 2815 357 2880 enim
372 2813 459 2880 dolet
473 2835 513 2878 ex
526 2811 683 2876 malorum
694 2833 803 2877 aenan:

167 2899 233 2977 Qui
246 2921 325 2966 vero
338 2899 400 2966 fuit
412 2899 531 2976 beatus,
547 2911 579 2962 et
591 2897 624 2961 in
640 2897 781 2963 miserias
797 2895 891 2973 cadit,

167 2987 287 3052 Animo
300 2987 461 3052 crucictnr
469 2995 597 3070 propter
633 2985 747 3049 riorem
761 2981 953 3048 felicitatem.
1102 2989 1166 3049 640

166 3071 226 3138 llla
238 3095 315 3138 vero
328 3073 487 3158 Polyxene
501 3069 589 3156 perio
614 3093 632 3135 e
646 3091 684 3136 cc
697 3069 724 3134 ai
738 3090 900 3156 nunquam
912 3067 1039 3134 vidittet
1051 3065 1165 3146 lucem,

166 3157 300 3225 Mortua
313 3171 370 3236 cat,
385 3173 416 3222 et
430 3156 510 3223 nihil
525 3155 585 3221 scit
597 3155 752 3222 malorum
767 3176 908 3220 auorum.

165 3247 236 3333 ligo
250 3266 328 3312 vcro
342 3264 414 3332 quaa
427 3265 544 3327 scopon
559 3242 727 3308 'eculando
740 3262 811 3308 aum
826 3253 981 3318 macerata,
995 3251 1027 3306 ct
1040 3238 1153 3324 glorie

164 3331 248 3408 Qun
262 3331 379 3397 bonam
393 3341 510 3414 portem
562 3341 636 3416 epta
645 3349 725 3405 aum,
737 3327 894 3393 efortuna
904 3335 1003 3392 tomen
1012 3325 1167 3394 aberravi.

163 3417 249 3494 Quae
262 3417 348 3482 enim
362 3415 488 3482 mulieri
501 3415 652 3480 modestae
666 3413 867 3490 conveniunt,

163 3503 248 3572 Hrec
262 3502 389 3568 exercui
403 3503 437 3566 in
451 3501 548 3566 domo
564 3499 725 3566 Hectoria.

164 3589 311 3656 Primum
324 3587 421 3668 enim,
435 3587 468 3652 in
484 3609 559 3674 quo,
573 3587 637 3652 aire
652 3585 734 3652 adsit
747 3587 813 3652 aive
825 3606 890 3652 non
905 3583 986 3652 adaft

164 3675 324 3742 Probrnm
338 3673 534 3752 mulieribus,
547 3671 610 3738 lroc
624 3673 727 3759 ipaum
742 3669 845 3739 adfert

163 3759 287 3828 Malam
300 3759 417 3827 famam
432 3763 472 3838 ei,
488 3781 560 3862 (prce
574 3759 661 3824 domi
677 3779 742 3824 non
758 3771 873 3836 mecm,

162 3847 273 3950 chtm
287 3847 436 3914 emittent
449 3843 639 3912 deraderium
654 3844 740 3910 domi
757 3843 868 3922 manti,
1096 3837 1165 3906 660

161 3933 207 4002 Et
219 3949 304 4001 mtra
318 3933 399 4000 atria
412 3943 555 4018 comptor
571 3931 739 3997 mulierum
755 3951 913 3994 sermones

163 4019 239 4086 Non
255 4021 340 4088 intro
353 4019 483 4086 admiti:
506 4015 561 4084 ted
576 4029 713 4084 mentem
730 4015 911 4104 magistram

161 4107 265 4174 Domi
278 4107 399 4172 habeare
413 4105 558 4194 probem,
572 4101 651 4168 milti
666 4103 740 4168 tatia
753 4099 964 4168 consulebam.

160 4191 364 4284 linguaque
377 4191 538 4260 silentium
552 4201 585 4256 et
592 4188 757 4342 placidum
772 4199 931 4276 aapeatum
947 4183 1017 4252 vim

559 4297 581 4342 o
629 4284 649 4342 ³
