2794 4862
375 209 808 292 ΙΛΝΒΒΩΜΔΟΗΕ
1075 217 1138 278 m

74 387 223 452 rnnllcce
238 399 372 452 teneo-et
386 386 561 472 comprimo
574 407 621 450 oe.
1073 391 1137 449 260

73 473 218 538 unnlllud
232 472 297 553 dic,
312 474 400 559 cujus
414 495 507 538 ceum
521 475 580 538 buc
594 471 675 536 veni.

72 580 137 624 run.
143 559 221 624 Dico
235 581 296 646 ego
311 575 342 624 te
354 581 421 628 non
434 572 555 624 tanturn
570 581 688 643 repere,
704 567 857 642 quantum
872 568 1008 641 oportet.

71 645 308 732 nrn.Rellnques
324 645 384 710 hoc
398 667 513 729 purum
529 645 680 730 templum
695 643 827 708 merinoe
841 641 936 707 deoe?

70 733 172 798 rrm.Si
185 755 249 798 non
265 732 400 796 moriere
422 735 470 796 tin
486 746 602 807 eutem,
619 752 782 816 nunquam
796 729 985 816 relinquam.

71 817 217 883 nunHoe
240 817 368 904 quidem
392 817 494 884 fixum
516 831 572 896 ent,
596 839 654 882 nec
676 815 849 902 expectabo
869 816 1018 880 moritum
1036 812 1139 880 donee

218 906 336 971 redeat.
416 961 418 966 .

66 990 198 1056 rnnsed
212 1013 254 1054 ne
342 991 470 1076 quidem
486 1011 537 1055 me
551 991 639 1076 prius
653 990 711 1055 tibi
726 987 849 1053 dedam.

65 1077 245 1164 neulgnem
262 1013 609 1142 tlbladmorebo—nec
622 1075 685 1142 loci
699 1076 852 1140 rationem
863 1071 1032 1164 habebo-

63 1183 131 1227 run.
141 1162 283 1228 Accende
297 1164 395 1250 igitur
408 1178 463 1228 tu:
486 1162 528 1227 dil
544 1163 629 1228 onim
644 1162 714 1226 haec
730 1161 890 1240 videbunt.

62 1248 179 1313 unnllt
192 1251 317 1335 corpori
331 1250 474 1335 gravium
490 1249 654 1316 vulnerum
669 1248 805 1312 dolores.

60 1334 262 1424 rnnlugule,
277 1335 551 1422 pollue-sanguine
565 1337 647 1402 Deoe
660 1357 758 1412 uram,
775 1356 847 1421 qure
861 1345 1065 1420 persequetur
1079 1345 1120 1395 te.

60 1421 168 1486 nenO
183 1421 317 1486 barbare
330 1434 365 1486 tu
381 1444 485 1507 pecus,
501 1435 533 1488 et
545 1423 627 1486 dum
641 1422 782 1498 audacia,
1052 1476 1055 1482 .
1071 1425 1130 1484 261

134 1507 272 1573 Perseree
285 1508 383 1594 igitur
396 1507 555 1574 mortem?
578 1509 642 1574 Sed
654 1531 714 1592 ego
728 1520 760 1574 te
772 1506 846 1572 eede
896 1539 899 1544 ·

134 1594 183 1658 Ex
197 1593 257 1658 heo
271 1595 335 1660 cito
349 1595 506 1660 volentem
520 1595 682 1669 excitnbm

133 1679 244 1746 Talem
259 1679 362 1746 habeo
376 1703 480 1746 escum
494 1681 534 1746 ad
550 1696 581 1746 te
595 1679 802 1746 eliciendum:
826 1678 881 1744 ned
895 1679 979 1742 enim
995 1675 1091 1740 verbe

133 1767 327 1845 occultabo*
337 1789 386 1832 ree
400 1789 474 1832 vero
489 1769 559 1852 ipsu
572 1768 636 1832 cito
651 1767 733 1830 hano
747 1787 846 1830 eeoom
859 1763 1023 1829 indicabit.

133 1853 249 1919 Sedeas
262 1854 373 1918 firma:
396 1876 470 1918 nom
484 1854 542 1918 etsi
557 1853 698 1940 undique
712 1866 745 1916 te
758 1865 879 1916 teneret

130 1939 351 2026 quuefnctum
365 1938 543 2027 plumbum,
559 1941 625 2004 lrlnc
639 1937 787 2003 excitabo
800 1959 860 2025 ego
874 1949 916 2014 te,

131 2026 208 2091 Priu
246 2049 320 2091 unm
336 2027 442 2091 veniet
455 2025 538 2090 filiun
552 2025 693 2102 Achillis,
709 2025 758 2089 cui
774 2038 809 2088 tu
824 2022 964 2088 confidit.

47 2112 231 2263 runconsp
250 2135 287 2178 o:
312 2113 426 2177 mirum
449 2124 557 2176 autem
581 2123 633 2190 ert,
656 2111 805 2176 adversus
826 2109 953 2196 quidem
975 2117 1135 2194 terpentes

226 2221 297 2263 eroe

130 2285 286 2351 Remedia
300 2286 636 2374 mortalibusnllquem
652 2287 796 2354 Deorum
812 2284 1019 2361 constituisse,
1071 2285 1134 2348 mo

128 2371 214 2448 Qum
230 2394 305 2436 vero
320 2386 392 2437 sunt
406 2374 524 2459 ripere,
537 2387 569 2438 et
583 2375 656 2460 igue
670 2373 830 2448 deteriora,

128 2457 245 2522 Nullus
260 2458 400 2523 remedie
413 2460 532 2524 invenit
546 2459 651 2524 adhuc
665 2459 812 2523 adversus
828 2455 990 2522 mulierem

128 2543 273 2608 Molem:
296 2543 358 2609 tnle
372 2567 478 2610 snmus
492 2545 674 2610 hominibus
688 2545 818 2610 melum.

31 2651 115 2694 erro.
128 2629 224 2695 Certe
241 2653 426 2719 magnorum
442 2630 589 2698 dolorum
605 2647 699 2696 autor
713 2630 826 2706 extitit,
1003 2629 1071 2708 (m.
1089 2625 1132 2704 1.)

126 2715 272 2793 Quando
286 2718 372 2784 venit
388 2719 447 2802 (ln)
462 2740 573 2783 nemus
589 2717 712 2782 {dmum

126 2802 230 2868 Maioe
244 2817 276 2868 et
290 2803 379 2870 Jovis
393 2803 486 2881 filius,

125 2888 298 2978 Trijugum
314 2911 443 2956 currum
460 2890 602 2956 Deorum

122 2975 259 3042 Ducene
274 2975 363 3041 illurn
378 2976 624 3063 pulchrijugum,

122 3063 251 3128 Odloeo
265 3063 435 3128 certamine
458 3117 461 3124 .

122 3147 255 3214 Formae
269 3161 426 3215 armatum
1067 3147 1133 3204 980

121 3236 176 3300 Ad
193 3236 355 3302 stabulum
369 3235 498 3301 bubulci
1061 3241 1067 3256 '

121 3321 169 3388 Et
184 3323 226 3387 nd
241 3322 416 3388 solitarium
430 3336 589 3408 pastorem
604 3321 833 3386 adolescentem

116 3409 167 3474 Et
181 3408 224 3474 od
240 3408 358 3474 etnbuli
371 3409 513 3474 desertos
528 3407 619 3472 loree.

117 3495 201 3560 lllne
216 3517 301 3574 vero,
318 3495 446 3582 quando
459 3492 668 3560 veneruntad
682 3491 850 3560 arboreum
863 3489 977 3556 nultum
1000 3489 1076 3571 (ont.
1089 3483 1133 3564 l.)

113 3581 359 3647 Montanorum
373 3581 508 3648 sontium
524 3579 690 3646 abluerent

112 3667 270 3734 Nitentin
280 3690 418 3754 corporo
433 3669 466 3733 in
481 3667 589 3769 equis:

111 3753 293 3820 Venerunt
306 3770 336 3820 et
351 3755 393 3820 nd
409 3753 611 3830 Prinmrdem,
626 3774 730 3817 encen-

101 3841 209 3906 sibur
223 3861 404 3906 sermonum
417 3841 619 3906 inimicorum

103 3927 164 3994 Se
178 3929 317 3992 invicem
330 3927 499 3994 credentes.

101 4013 233 4078 Venus
248 4014 325 4078 vicit
339 4015 442 4080 verbis
457 4035 528 4079 com
552 4013 601 4090 tie,

98 4099 334 4185 Voluptatem
349 4101 476 4188 quidem
493 4125 509 4164 n
535 4121 634 4174 erne,

93 4185 187 4255 Sed
203 4207 344 4252 emerem
360 4187 434 4252 vine
449 4185 666 4252 confusionem
682 4178 848 4266 Phrygum
863 4173 935 4240 urbi

87 4271 269 4367 Miserae
281 4289 313 4338 et
326 4275 487 4363 pergamis
501 4273 622 4357 Trojae.
