2862 4864
636 191 951 260 EURIPIDIS

369 391 449 520 egere
462 369 518 446 sic,
533 379 569 434 ut
583 379 619 434 tu
633 382 737 454 putes,
752 370 886 438 Grecos
899 371 942 438 nd
957 365 1083 439 libit'um
1097 385 1235 444 tutore.

336 459 384 522 Ar
407 479 462 522 ens
476 455 561 522 enim
575 456 692 534 virent,
706 473 739 522 et
752 461 866 524 robore
879 459 1046 544 snperbns.

335 542 552 621 Quamobrem
576 544 749 608 exercitum
778 544 906 631 quidem
929 545 1072 632 quietum
1090 549 1187 634 juxte
1215 548 1348 636 clypeo·

426 638 456 692 et
469 650 569 706 armo,

336 715 489 782 Dormire
503 716 643 781 sinemus
655 738 676 779 n
689 715 850 782 laboribus
864 715 994 796 bellicis,

337 801 581 888 Exploratorem
596 823 671 866 vern
683 801 725 866 ed
739 801 855 881 hostes,
870 804 1053 892 quicunqne
1067 805 1141 871 velit
1154 809 1212 887 ire,

338 887 535 954 Mittendnm
550 909 678 952 censeor
702 902 735 953 et
748 889 774 953 si
789 903 903 974 parent
915 889 1037 976 iugem,

337 975 460 1040 Euutes
474 974 632 1039 irruemus
646 975 679 1038 in
695 975 887 1062 Argivorum
903 977 1090 1043 exercitum.

338 1061 464 1129 sivero
478 1061 511 1126 in
525 1059 635 1126 dolum
648 1060 784 1162 sliquem
799 1061 922 1127 ducunt
936 1062 970 1126 bi
984 1063 1074 1151 ignes
1087 1066 1221 1143 recensi,

338 1147 486 1235 Cognitis
499 1146 636 1212 hortium
652 1147 773 1212 insidiis
787 1170 826 1212 es
835 1149 1047 1233 exploratore,

339 1233 612 1300 Consultsbinsnst
634 1232 705 1298 hren
718 1247 775 1310 est,
791 1237 822 1298 Ο
838 1235 916 1313 Rex,
932 1257 1003 1300 men
1016 1235 1181 1302 sententis.
1282 1249 1347 1308 180

251 1339 331 1388 otto.
343 1319 428 1386 Haee
450 1321 523 1384 milti
546 1341 672 1407 qnoque
692 1319 829 1405 plicent,
855 1319 926 1386 hmo
949 1335 1070 1388 munte
1092 1324 1250 1390 sententis
1272 1349 1349 1412 per·-

426 1405 546 1508 rende,
729 1493 736 1508 ,
830 1494 839 1509 ,
1182 1414 1349 1496 turm-l

341 1492 482 1558 Lubrren
496 1515 580 1557 emm
594 1492 713 1558 ducum
727 1514 860 1579 imperto
873 1515 937 1559 non
953 1517 1037 1560 orno.

339 1577 428 1656 Quid
443 1580 528 1644 enim
542 1579 653 1645 melius
666 1589 721 1660 est,
732 1602 826 1666 quem

341 1665 490 1730 Velocem
505 1687 665 1730 cursorem
680 1665 728 1730 ire
741 1688 836 1731 neves

340 1750 456 1838 Prope,
471 1751 526 1838 qui
539 1750 694 1837 exploret,
709 1752 785 1839 quid
801 1753 929 1818 demum
944 1751 986 1818 sb
1000 1751 1152 1819 hostibus.

342 1837 357 1902 l
381 1861 436 1902 nes
450 1852 523 1903 ente
539 1838 674 1904 Nerium
689 1839 839 1906 mtiones
851 1840 1075 1904 accendentur.

255 1923 1158 2098 mffiigrggppgfflgrffiffi
1174 2015 1340 2080 me,

340 2096 468 2163 Moneri
482 2110 596 2182 posset,
611 2096 726 2162 auditis
741 2098 905 2164 nocturnis
918 2098 1133 2164 concionibus.
1307 2093 1311 2100 ’

340 2182 413 2272 Ego
423 2205 498 2246 vero
513 2183 636 2249 mittem
649 2185 884 2268 expiorstorem
898 2183 1048 2250 hostiurn.
1282 2195 1349 2254 140

341 2269 385 2335 Ει
399 2271 425 2334 si
439 2291 520 2355 quos
534 2268 673 2335 bostium
687 2269 778 2335 dolos
791 2270 1013 2348 audiverimus,

340 2354 461 2422 Omnis
473 2355 592 2433 audies,
607 2369 640 2421 et
652 2377 793 2440 presens
806 2358 962 2422 neronem
977 2359 1073 2424 scies:

342 2442 377 2507 Si
392 2463 466 2507 vero
479 2442 595 2506 obeam
609 2442 642 2506 in
657 2440 764 2528 fugem
779 2444 914 2523 ruentes,

340 2526 446 2594 Tnboe
460 2530 644 2615 clangorem
658 2527 807 2595 hauriens
821 2543 967 2616 expects,

341 2613 511 2702 Tanquam
526 2637 590 2679 non
606 2636 754 2680 mensuro
769 2638 838 2681 me:
860 2616 915 2681 sed
929 2613 1075 2682 sccedsm
1088 2615 1131 2681 nd
1146 2617 1277 2684 nuvium

341 2702 500 2767 Stetiones
514 2701 573 2767 hee
587 2714 681 2766 nocte
694 2702 735 2767 nd
750 2702 906 2790 Argivum
920 2705 1105 2768 exercitum.

255 2809 320 2856 ιιι.
344 2788 441 2854 Mitte
454 2789 705 2876 quamprimum:
728 2811 814 2854 nunc
827 2788 912 2854 enirn
928 2788 1103 2874 prudenter
1115 2789 1226 2854 senus.

341 2873 465 2940 Tecum
473 2897 548 2940 sero
556 2874 675 2942 uidebis
684 2897 735 2940 me
742 2873 865 2942 fortiter
874 2887 1138 2962 egentem,qunm
1149 2873 1348 2960 opnsfnesit.

255 2961 496 3039 utc.Quisnam
505 2962 610 3050 igitur
624 2961 850 3049 Troianorum,
865 2961 921 3049 qni
934 2961 1052 3028 sdsnru
1065 2961 1140 3026 bnic
1153 2960 1293 3038 suborti,

338 3048 372 3110 V
374 3047 421 3113 ult
433 3048 613 3136 explorator
626 3047 668 3113 nd
682 3071 778 3113 neves
793 3048 982 3113 Grrecorum
996 3045 1068 3112 ire?
1284 3057 1348 3117 tto

340 3133 519 3220 Qnisquam
534 3135 576 3199 de
588 3133 649 3199 bsc
663 3136 794 3223 regione
807 3133 888 3199 bene
901 3137 1015 3199 mereri
1028 3131 1139 3218 cupit?

339 3219 423 3297 Quis
437 3218 627 3305 pollicetur?
648 3242 712 3286 non
727 3221 811 3286 enim
825 3243 887 3322 ego
900 3223 1009 3286 omnis
1024 3233 1134 3306 potero

343 3307 458 3374 Petriae
475 3306 546 3372 urbi
560 3319 592 3372 et
605 3307 698 3372 soniis
711 3305 871 3393 opitulnru

255 3417 332 3465 not.
342 3393 416 3482 Ego
429 3413 489 3478 pro
502 3395 606 3480 pntrin
618 3392 681 3458 boc
696 3392 868 3479 pericolum
885 3393 957 3460 volo

342 3479 478 3547 Subiens
492 3479 670 3566 specnlstor
683 3480 726 3546 ed
740 3501 833 3545 neves
849 3479 1039 3546 Grreoornm
1052 3479 1110 3556 Ire,

258 3587 263 3596 ·
341 3567 385 3634 Et
398 3566 547 3632 omnibus
562 3566 752 3634 Grtscorum
850 3567 902 3631 itis
916 3565 1064 3642 conciliis,

341 3653 483 3729 Redibor
515 3652 576 3719 bne
597 3666 703 3720 entem
732 3675 793 3719 con
819 3653 915 3718 'tione
940 3653 1026 3716 hunc
1054 3651 1196 3716 laborem
1228 3651 1264 3716 in
1297 3673 1350 3717 me

255 3761 562 3896 nneHsbddcdlld'e
574 3827 763 3894 conveniens
778 3847 894 3890 nomen
910 3822 967 3898 rei,
982 3835 1015 3888 et
1028 3845 1063 3924 es
1074 3838 1199 3890 ametor
1211 3825 1329 3910 petriz

340 3914 470 3981 Dolone
493 3913 591 3998 petris
605 3935 680 3978 vero
694 3911 824 3976 domum
839 3927 871 3975 et
884 3931 973 3997 prins
989 3909 1127 3974 nobilem

340 4000 438 4067 Nunc
452 4001 617 4066 reddidisti
631 3998 817 4066 nobiliorem
832 3997 952 4083 duplici
966 3995 1078 4082 gloris.
1288 4005 1351 4064 teo
1425 4041 1426 4054 ,

254 4109 330 4156 nor..
343 4087 468 4174 Nempe
482 4086 627 4153 laborare
640 4107 692 4152 me
706 4087 864 4161 convenit,
880 4083 936 4150 sed
950 4081 1147 4148 laborantem
1162 4083 1317 4148 idoneum

341 4171 526 4240 Mercedem
539 4171 672 4240 auferre.
720 4170 873 4236 Additum
888 4170 973 4236 enim
986 4169 1076 4234 omni

341 4259 480 4349 Negotio
492 4259 618 4328 lucrum
631 4259 826 4346 voluptstem
840 4261 924 4345 perit
938 4254 1106 4342 duplicem.
