2794 4862
369 201 803 272 ANDROMACHE.

134 373 173 443 llt
186 377 320 464 pulchre
334 399 422 442 arma
436 379 468 443 iu
482 377 622 464 pulchris
637 377 804 442 involucris

135 463 251 530 Similia
266 464 386 530 illucet
401 467 463 529 huc
477 465 608 548 portasti
624 485 747 528 rursus:

133 551 199 634 lpse
213 551 339 638 quidem
355 553 454 615 cecini
468 551 605 615 ducturo
615 559 762 629 uxorem,
779 565 929 637 utusque
943 565 1046 618 tecum
1058 562 1123 620 610

132 636 322 702 Affinitatem
337 637 546 714 contraheret,
562 659 663 722 neque
675 637 707 700 in
722 639 807 703 aedee
821 637 975 722 reciperet

133 723 253 787 Pullum
268 724 360 788 melae
376 724 513 788 mulieris
528 751 535 786 :
558 723 712 806 effingunt
726 727 810 788 enim

132 807 277 874 Materna
291 811 370 875 vita:
393 809 816 896 quamobremconsiderate,
872 880 877 896 ,

39 909 40 916 ’
132 893 233 972 Proci,
251 909 285 960 ut
298 920 339 960 ex
357 897 440 960 bone
454 910 552 960 mette
568 908 668 959 nutum
682 895 778 960 filiam
794 897 925 962 ducatis.

87 1011 91 1024 ·
132 981 284 1046 Praeterea
297 1005 371 1047 vero
385 984 418 1046 in
431 982 561 1047 fratrem
576 1005 671 1068 quem
686 983 928 1048 contumeliosus
942 983 1035 1063 luisti,

129 1067 248 1133 Jubens
261 1069 437 1134 interlicere
450 1069 548 1132 filiam
562 1067 765 1134 stultissime?

130 1155 217 1220 Adeo
231 1155 373 1230 timuisti,
389 1179 430 1220 ne
443 1177 507 1220 non
523 1155 656 1218 haberes
671 1156 784 1220 malam
800 1157 978 1242 conjugem.

129 1241 230 1326 Capta
242 1253 345 1306 autem
362 1241 636 1328 'froja-nemet
651 1241 713 1306 huc
729 1256 782 1307 tua
795 1263 889 1308 causa
904 1244 1082 1322 veniam,-

130 1327 200 1391 Non
216 1327 398 1393 interfecisti
414 1349 552 1405 uxorem,
568 1328 726 1392 redactam
742 1329 774 1392 iu
791 1343 877 1394 tuam
892 1343 1093 1414 potestatem:

128 1413 188 1478 Sed
204 1427 369 1501 postquam
384 1415 488 1479 vidisti
505 1416 610 1492 ubere,
627 1415 749 1500 abjecto
762 1415 879 1502 gladio,
954 1451 956 1456 ·
1059 1427 1124 1483 620

128 1499 280 1564 Osculum
294 1502 453 1586 accepisti,
469 1501 601 1566 adulans
615 1523 724 1566 canem
738 1502 952 1586 proditricem,

127 1587 236 1652 Victus
249 1611 269 1652 a
282 1587 421 1666 libidine,
438 1587 470 1652 O
486 1589 680 1674 ignavissime
696 1602 743 1652 tu.

125 1671 252 1738 Deinde
266 1673 468 1759 profectus-in
481 1675 565 1738 aerles
581 1695 722 1738 meorum
736 1673 910 1738 liberorum

125 1757 251 1846 Diripis
265 1761 338 1843 ipsis
351 1761 541 1836 absentibus,
557 1773 587 1825 et
604 1759 766 1824 mulierem
781 1761 937 1824 miseram·

126 1845 285 1912 Interlicia
299 1848 433 1932 turpiter
447 1860 478 1912 et
492 1869 636 1932 puerum,
647 1847 706 1932 'qui
720 1845 895 1930 plorantem
912 1859 944 1910 te

125 1931 169 1998 Et
184 1945 271 1998 tuam
287 1933 382 1998 liliam
398 1935 430 1997 in
446 1932 684 2009 oedibus·fneiet,

123 2019 260 2084 Etiamsi
276 2035 324 2085 ter
337 2021 461 2104 spurius
475 2019 586 2083 suerit:
609 2041 693 2104 saepe
708 2041 781 2083 vern

122 2106 260 2170 Aridum
269 2107 370 2171 solum
382 2106 493 2170 melius
501 2105 615 2182 eredit,
626 2127 722 2192 quem
731 2127 803 2190 quse
814 2104 941 2190 pinguis
952 2119 1019 2172 erat
1028 2117 1122 2184 terra,

122 2191 169 2256 Et
182 2193 275 2256 multi
291 2193 379 2257 nothi
394 2203 462 2257 sunt
477 2193 709 2276 praestantiores
724 2191 879 2279 legitimis.

121 2278 189 2344 Sed
204 2278 308 2344 abduc
324 2279 429 2343 filium.
475 2277 594 2343 Melius
607 2290 650 2343 est
663 2278 854 2354 hominibus,
1058 2287 1122 2346 6³0

120 2363 301 2450 Pauperem
318 2365 448 2443 bonum,
463 2388 557 2452 quarn
575 2365 691 2430 malum
706 2377 738 2428 et
752 2363 883 2428 divitem

118 2452 290 2517 Generum
304 2453 467 2538 acquirere
480 2465 512 2516 et
525 2451 681 2516 amicum:
705 2463 738 2514 tu
753 2471 827 2514 vero
841 2472 873 2513 es
888 2450 977 2514 nihili
994 2451 1100 2516 bomo.

38 2537 174 2602 :uo.Ex
189 2560 288 2624 parvo
302 2539 394 2604 initio
409 2538 590 2603 hominibus
606 2559 753 2625 magnum
767 2537 1001 2602 contentionem

116 2625 253 2712 Lingue
266 2627 397 2690 excitat:
421 2625 474 2690 sed
488 2624 549 2689 hoc
564 2624 734 2709 prudentes
747 2622 891 2688 homines

116 2711 258 2788 Cereus,
272 2733 314 2775 ne
329 2711 452 2800 litigent
465 2733 536 2775 cum
552 2711 669 2775 amicis.

38 2797 216 2874 rear.Quid
231 2798 328 2884 igitur
342 2798 428 2862 dicas
443 2799 598 2883 sapientes
613 2819 793 2874 essesenea,

113 2885 167 2949 Et
181 2883 253 2948 illos
267 2886 322 2971 qui
337 2885 395 2948 uisi
410 2898 483 2950 sunt
498 2883 666 2969 aliquando
681 2883 804 2948 Grecis
819 2883 950 2969 aspere?

110 2970 266 3048 Quando
279 2984 313 3036 tu
328 2970 464 3036 existens
481 2970 601 3046 Peleus,
618 2984 649 3034 et
663 2991 704 3034 ex
718 2969 838 3056 inclyto
852 2983 940 3054 petre
954 2972 1027 3037 Diis

450 3059 467 3096 1
543 3059 560 3096 U
635 3059 652 3096 0

105 3145 287 3212 Affinitate
295 3147 433 3232 junctus,
450 3147 505 3211 tibi
520 3144 648 3234 quidem
662 3146 722 3232 ipsi
737 3143 842 3228 turpia
856 3143 943 3220 dicis,

106 3233 165 3298 Et
179 3232 275 3298 nobis
289 3233 408 3320 probra
422 3247 551 3318 propter
566 3229 728 3296 mulierem
746 3230 920 3308 berberem,
1058 3241 1123 3298 640

104 3319 230 3396 Quem
247 3319 414 3402 oportebat
429 3335 460 3384 te
473 3318 628 3404 expellere
641 3317 724 3382 hanc
737 3320 821 3381 ultra
831 3317 948 3382 flumen
965 3317 1031 3382 Nili

99 3407 162 3472 Et
178 3405 264 3470 ultra
280 3405 418 3483 Phasim,
435 3420 466 3470 et
483 3429 532 3470 me
546 3427 668 3490 semper
682 3409 724 3469 ud
738 3407 793 3468 boc
806 3404 936 3480 hortari,

100 3495 207 3559 Cum
223 3491 265 3556 sit
277 3492 427 3569 Asiatica,
443 3491 498 3557 ubi
513 3491 665 3557 cadevera

96 3579 267 3646 Plurima
282 3579 410 3644 Graecia
419 3580 524 3665 jacent
539 3579 634 3642 ermis
648 3599 730 3642 caesa
743 3588 951 3653 mortuorum,

97 3667 161 3732 Et
179 3687 253 3729 cum
270 3665 310 3729 sit
324 3687 364 3728 ex
380 3680 469 3748 patre
483 3664 709 3751 reasanguinis
724 3663 771 3728 tui
785 3663 854 3729 filii.

91 3755 206 3822 Nam
225 3751 328 3830 Paris,
365 3753 398 3815 ui
412 3751 512 3816 filium
527 3764 615 3816 tuum
632 3749 788 3815 Achillem
802 3748 967 3826 interfecit,

89 3842 200 3906 Erat
214 3835 312 3922 freter
365 3839 490 3916 ectoris,
505 3838 574 3903 haec'
588 3859 664 3900 vero
678 3847 743 3901 erat
756 3838 873 3923 conjux
892 3833 1061 3900 Hectoris:

84 3928 153 3994 Et
177 3941 286 3988 tomen
302 3939 337 3989 tu
352 3947 423 3989 cum
438 3925 498 3989 hac
515 3923 597 3989 idem
611 3925 697 3988 subis
710 3939 838 3997 tectum,

85 4015 156 4081 Et
178 4011 322 4098 ejusdem
336 4027 457 4076 mensae'
468 4012 655 4096 participem
669 4011 764 4074 vitem
781 4029 845 4073 cum
856 4029 893 4072 eo
904 4007 950 4072 vie
964 4008 1090 4081 hebere,

80 4103 152 4170 Et
175 4097 256 4162 sinis
269 4097 482 4184 pereredomi
497 4095 765 4162 inrisosliberosl
1059 4103 1124 4161 650

77 4189 168 4256 Ob
188 4207 263 4272 quae
278 4207 347 4274 ego,
368 4185 445 4248 mihi
459 4201 490 4250 et
505 4185 563 4249 tibi
577 4183 780 4268 prospiciens,
797 4203 903 4264 senex,

70 4278 97 4343 1
103 4273 305 4342 ncernoere
317 4271 425 4337 rolens
440 4271 522 4338 hunc
536 4295 555 4336 e
568 4271 714 4339 manibus
728 4269 855 4356 eripior·
