2824 4860
238 759 970 958 EURIPIDIS

415 1159 786 1259 HECUBA.

510 1468 703 1513 -ψ-

443 1744 608 1790 pomoni
631 1745 761 1791 omnitu-

146 1823 349 1928 ADSUM,
365 1849 587 1916 defunctorum
603 1873 696 1938 specu
712 1865 744 1917 et
757 1849 817 1916 culi
841 1852 900 1916 inis
915 1856 1014 1938 portis

149 1935 291 2014 Relictis,
307 1936 376 2021 (ubi
391 1937 487 2002 Pluto
500 1937 623 2002 habitat
635 1937 764 2003 seorsim
780 1961 800 2002 s
849 1937 899 2019 iis)

149 2022 341 2108 Polydorus,
357 2021 505 2089 Hecubae
517 2023 690 2108 filiusfils'ae
705 2023 814 2101 Cissei,

149 2108 333 2195 Priamique
346 2111 445 2194 patris
458 2137 466 2175 s
490 2111 545 2196 qui
555 2131 616 2186 me,
628 2123 796 2196 postquem
809 2109 1024 2196 Trojcuorum
1032 2111 1144 2176 urbem

150 2193 334 2259 Periculum
348 2195 461 2260 invasit
473 2195 565 2260 hesta
578 2217 720 2261 casuram
737 2197 862 2273 Groecs,

150 2279 302 2346 Metuens
315 2281 517 2346 clam-emisit
530 2303 571 2346 ex
586 2281 725 2368 Trojano
738 2293 832 2359 terre,

150 2366 376 2452 Polymestoris
390 2367 430 2432 ud
444 2367 575 2432 domum
591 2367 722 2432 Thracii
735 2367 879 2453 hospitis,

148 2451 219 2529 Qui
233 2443 520 2537 prlestuutiseimcm
538 2452 779 2519 Cherronesicm
794 2453 920 2540 plagam
1009 2493 1014 2502 ·
1145 2453 1149 2462 ’

149 2540 303 2618 Seminct,
319 2553 495 2626 equestrem
509 2540 663 2626 populum
678 2561 789 2640 regens
803 2539 903 2605 haste.

149 2623 293 2690 Multum
309 2647 385 2690 vero
399 2647 523 2691 mecum
537 2627 607 2691 curi
622 2626 736 2690 emitut
749 2624 873 2690 occulte
1109 2635 1148 2692 10

151 2711 269 2776 Peter:
292 2735 366 2798 quo,
381 2711 407 2774 si
422 2713 549 2798 quando
564 2711 615 2776 llii
629 2713 747 2776 moenic
761 2711 918 2790 cuderent,

149 2797 339 2862 viventibus
352 2797 460 2863 liberis
476 2819 540 2864 non
555 2810 634 2863 esset
648 2798 781 2883 penuria
795 2798 905 2863 victus.

148 2884 307 2949 Minimus
328 2895 435 2948 autem
456 2887 641 2949 natu‘ersm
666 2883 912 2960 Priamidarum3
929 2879 1034 2970 ‘quare
1053 2883 1149 2949 etium

238 2991 290 3034 me
304 2993 343 3056 ex
357 2985 443 3036 terre

151 3055 385 3135 Clam-emisit3
407 3059 607 3145 nequeenim
622 3057 703 3122 ferre
716 3077 815 3138 arma,

52 3220 62 3232 ¹
152 3143 270 3229 Neque
281 3141 415 3222 hostem,
430 3146 627 3229 potueram,
642 3143 757 3229 puerili
771 3141 912 3208 brechio.

150 3227 318 3305 Quamdiu
332 3229 460 3316 quidem
476 3231 573 3318 igitur
587 3243 682 3295 terrae
696 3230 773 3294 recti
788 3229 913 3294 stabant
928 3229 1065 3311 termini,

150 3317 336 3401 Turreeque
350 3315 457 3382 illaesae
471 3318 618 3404 Trojsuoe
631 3330 720 3380 eruut
735 3327 840 3396 terroe,

150 3402 343 3488 Hectorque
357 3403 452 3467 frater
463 3425 552 3467 meus
566 3402 698 3467 feliciter
710 3423 778 3466 rem
792 3400 923 3490 gerebat
936 3399 1038 3480 haste,

151 3487 245 3554 Bene
258 3487 345 3573 opud
358 3489 461 3552 virum
476 3489 647 3567 Thracem,
661 3488 800 3574 petrium
814 3485 985 3571 hospitem,

147 3573 332 3652 Alimentis‚
346 3574 438 3662 quusi
475 3577 606 3661 uieplsm
620 3573 774 3652 surculus,
789 3573 966 3639 cresccbum
981 3571 1084 3638 miser.
1110 3579 1153 3638 20

150 3661 329 3747 Postquam
343 3683 419 3726 vero
465 3663 533 3749 rojs
548 3660 764 3746 Hectorisque
778 3659 861 3746 perit

150 3749 284 3825 Anime,
299 3760 512 3834 putemusque
525 3747 614 3813 focus
627 3767 751 3812 eversus
766 3757 824 3825 est,

151 3833 198 3900 Et
211 3834 281 3919 ipse
294 3833 336 3898 ud
351 3855 437 3898 crum
454 3835 517 3899 Dei
531 3855 628 3920 opere
641 3833 828 3898 edificatam
844 3832 939 3909 cedit,

149 3920 319 3988 Macestus
337 3919 469 3985 Achillis
483 3943 502 3986 a
515 3920 584 3985 filio
598 3919 821 4008 sanguinario:

147 4005 309 4074 luterficit
322 4029 374 4072 mc
388 4007 458 4072 auri
471 4008 620 4074 miserum
634 4006 738 4091 gratie

99 4147 106 4158 ,
151 4093 288 4177 Hospes
301 4107 467 4178 paternus:
489 4108 521 4160 et
535 4115 633 4181 quum
647 4091 862 4167 interfecisset,
877 4089 911 4153 iu
926 4086 1056 4176 pelagus

149 4179 292 4266 Abjecit,
309 4195 344 4244 ut
358 4181 426 4266 ipse
439 4181 602 4246 curumin
616 4178 714 4244 domo
727 4179 866 4244 haberet.

148 4267 253 4332 Jeceo
267 4279 374 4332 autem
389 4268 422 4332 iu
438 4267 556 4350 littore,
571 4265 731 4331 interdum
747 4269 779 4330 in
794 4263 890 4330 maris
904 4269 993 4338 metu,

587 4373 608 4416 e
624 4361 643 4416 8
