2862 4864
632 175 959 246 EURIPm'ls

336 353 382 419 Es
394 353 479 418 euim
494 351 655 416 mortalis:
678 365 711 418 et
724 353 845 418 etiamsi
859 367 894 418 tu
909 375 973 418 non
987 353 1074 430 velis,

335 439 481 507 Deorum
496 461 534 502 ea
547 451 595 502 eet
608 437 764 505 voluutas.

336 525 391 592 Tu
404 547 480 590 vero
493 524 629 590 luoernse
643 523 750 590 lumen
765 525 919 611 aperiens,

212 653 219 704 7
336 609 515 764 ¹F-llpiatolam
530 611 639 676 scribis

336 696 989 850 affinllltlllil‘llllnffilll

943 831 953 864 5

337 869 382 936 Et
394 871 551 957 obsignas,
567 881 599 936 et
671 883 720 935 tea
734 871 882 958 resignas,

337 957 522 1044 Abjioisque
532 955 587 1022 tab
667 956 768 1034 humi,
784 956 888 1044 largas

336 1042 444 1108 anhr
466 1063 531 1108 mas
545 1041 629 1107 effitn
653 1065 728 1108 ens:
778 1121 784 1124 ,
1292 1053 1331 1108 40
1412 1103 1413 1108 ,

336 1118 382 1196 Et
397 1152 437 1194 nu
495 1129 733 1212 perturbatione
746 1129 780 1191 iu
806 1128 813 1141 '
871 1173 882 1206 ,

336 1215 388 1280 Ne
401 1215 540 1280 insanire
554 1214 710 1291 oredaris;
733 1213 811 1300 quid
837 1211 975 1279 aboras?
996 1214 1073 1300 quid
1088 1215 1233 1282 laboras?

336 1301 426 1378 Quid
440 1303 524 1379 novi,
540 1301 617 1388 quid
632 1301 705 1365 novi
719 1298 887 1380 tibiadeat,
904 1299 937 1364 Ο
951 1297 1032 1364 rex?

335 1389 418 1540 ssgm
432 1389 633 1488 communica
628 1407 823 1538 bgermopgiryit
836 1387 1014 1534 {uobiscum

372 1495 434 1539 roes
447 1495 532 1537 enrm
546 1496 614 1538 uuo
673 1494 745 1538 noe
820 1493 872 1537 er.

335 1559 421 1625 Nam
434 1571 499 1624 tuae
513 1559 642 1646 conjugi
656 1557 817 1644 quondam
832 1556 1022 1646 Tyndareus
1036 1581 1099 1624 me

335 1645 429 1711 Misit
443 1667 557 1711 munus
571 1645 687 1723 dotale,

335 1732 474 1797 Probum
500 1755 539 1796 ue
552 1753 675 1818 sponsae
690 1751 890 1795 oommuoem
906 1744 1095 1796 curatorem.

249 1841 326 1886 noa·
335 1819 476 1884 Fuerunt
561 1841 590 1883 ae
605 1817 767 1882 Thestiadi
782 1831 845 1881 tres
859 1817 1006 1904 virgines,

334 1905 457 1971 Phoebe
471 1918 504 1971 et
518 1905 558 1970 Cl
594 1919 597 1928 ’
622 1919 760 1970 mnestra
772 1925 844 1974 mea
858 1905 986 2006 conjux,
1295 1911 1333 1968 50

277 2012 281 2022 ‘
335 1991 380 2057 Et
395 1989 539 2056 Helena:
558 1919 656 2078 {tulgus
670 2003 855 2076 praestantes
870 1990 984 2076 opibus

334 2077 430 2144 Proui
443 2076 571 2142 fuerunt
585 2078 733 2142 Graeoiae.

334 2165 468 2230 Atrooes
481 2185 556 2227 vero
570 2165 666 2238 minae
680 2175 713 2228 et
726 2177 846 2228 mutuae
861 2161 963 2227 eredes

333 2249 537 2316 Parabantur
545 2252 584 2314 ab
593 2249 783 2336 eo‚quisquis
792 2271 857 2313 nou
866 2261 1049 2313 consecutus
1057 2247 1165 2314 fuisset
1172 2249 1333 2337 virginem.

334 2335 420 2400 Haec
434 2336 531 2422 igitur
540 2358 591 2400 rea
600 2336 690 2418 yalde
701 2335 831 2400 anxium
844 2335 980 2400 habebat
991 2331 1112 2418 patrem
1121 2335 1333 2422 Tyndareum,

264 2419 298 2464 '²‘
335 2423 409 2489 Sive
422 2421 523 2500 daret,
539 2423 604 2486 sive
618 2443 684 2485 non
698 2421 800 2501 daret,
815 2435 847 2487 et
861 2420 1021 2508 quomodo
1031 2443 1102 2486 rem

333 2509 463 2594 Optime
474 2508 720 2596 aggrederetur:
743 2521 776 2572 et
789 2507 851 2573 hoo
865 2509 894 2572 ei
909 2507 1040 2572 venitin
1056 2524 1205 2586 mentem,

334 2595 384 2661 Ut
391 2594 615 2682 jusJurandum
628 2608 741 2660 mutuo
754 2594 876 2671 darent,
893 2607 925 2658 et
938 2593 1069 2660 dextras
1083 2597 1309 2683 conjungerent

333 2681 428 2747 Proci
443 2683 525 2746 inter
539 2704 581 2760 se,
598 2694 631 2746 et
643 2703 702 2766 per
716 2681 862 2754 ardentes
876 2681 1018 2746 victimas

331 2766 517 2834 Libatioues
531 2767 741 2844 demitterent,
757 2766 898 2854 dirisque
912 2789 945 2830 se
959 2767 1177 2856 astringerent,
1193 2789 1238 2849 ae,
1295 2775 1335 2832 60

332 2853 395 2918 Cui
410 2876 492 2920 uxor
505 2854 669 2942 obtigisset
682 2852 844 2939 Tyndaris
856 2852 973 2938 puella,

332 2939 530 3005 Huiosimul
545 2941 752 3026 opitulaturos
767 2961 843 3017 esse,
855 2941 881 3004 si
892 2939 964 3026 quis
973 2961 1014 3004 ex
1024 2940 1121 3005 domo
1132 2939 1261 3026 capiens
1272 2961 1336 3004 earn

266 3037 272 3056 '
330 3025 442 3091 Abiret
455 3039 487 3090 et
500 3026 671 3112 depelleret
683 3050 703 3091 a
715 3026 970 3103 leotomaritum,

331 3110 375 3176 Et
388 3111 536 3176 adversus
550 3113 641 3178 illum
653 3113 854 3190 militaturos,
869 3125 902 3176 et
916 3131 1080 3177 eversuros
1094 3111 1220 3196 urbem,

270 3281 274 3286 .
330 3197 478 3264 Graecam
493 3199 612 3283 pariter
625 3212 657 3264 et
672 3200 851 3278 barbaram,
867 3220 965 3263 mauu
980 3211 1110 3262 armata.

329 3283 393 3348 Poa
430 3305 502 3348 uam
518 3299 623 3350 autem
637 3296 741 3350 mutuo
755 3285 852 3350 fidem
866 3283 1034 3366 dederunt,
1049 3293 1081 3350 et
1094 3295 1198 3350 astute
1212 3305 1311 3352 senex

328 3296 520 3457 Tyddareus
533 3393 586 3436 eos
600 3369 750 3437 fefellerat
764 3371 880 3437 callido
894 3370 1035 3464 consilio,
1081 3375 1087 3389 ’

330 3454 494 3521 Concessit
507 3467 577 3521 tanc
591 3457 665 3522 filiae
681 3471 716 3524 ut
730 3458 859 3546 eligeret
873 3479 972 3526 uuum
988 3470 1020 3521 et
1033 3457 1148 3542 procis,

324 3544 375 3610 Ad
390 3564 613 3644 quemcunque
626 3545 710 3632 grati
725 3543 859 3608 Veneris
874 3545 968 3610 flatus
982 3565 1050 3608 eom
1064 3542 1192 3608 fer-rent.

326 3627 389 3694 Illa
402 3628 522 3694 veroel
574 3633 764 3708 t,-utinam
780 3630 848 3715 ipse
864 3650 1027 3716 uunquam
1042 3629 1184 3694 duxisset
1198 3649 1267 3698 ean
1276 3631 1332 3696 3-

326 3713 523 3781 Menelaum.
585 3718 695 3782 eniens
709 3729 814 3784 autem
829 3739 870 3781 ex
887 3715 1068 3804 Phrygibus
1081 3715 1213 3781 dearum
1297 3726 1334 3788 71

325 3799 391 3866 Iste
399 3802 511 3889 judex,
526 3816 563 3868 ut
577 3801 674 3868 habet
687 3825 791 3869 sermo
805 3803 980 3881 bominum,

323 3885 570 3971 Laoedaemona,
582 3888 699 3954 florens
714 3903 829 3956 ornatu
842 3891 990 3966 vestium,

323 3971 367 4038 Et
380 3995 460 4038 auro
474 3975 652 4062 splendens,
668 3975 834 4041 barbarico
848 3974 938 4052 luxu,

323 4059 447 4124 Amans
460 4075 619 4127 amantem
634 4061 713 4128 abiit
726 4062 892 4148 abreptam
906 4061 1023 4128 vehens

322 4143 483 4210 Helenam
498 4149 532 4212 iu
548 4145 618 4214 Ides
633 4147 760 4226 bovilia,
776 4169 911 4235 peregre
924 4146 1102 4234 profectum
1118 4157 1233 4214 uacms

322 4229 525 4300 Menelaum:
548 4233 603 4300 ille
617 4237 724 4300 autem
738 4257 796 4322 per
808 4235 971 4302 Graecism
983 4247 1122 4300 aetuans
1133 4229 1342 4321 aegritudines
