2854 4866
239 173 341 294 ἱ928
666 223 995 292 EURIPIDIS

365 401 448 469 Nam
463 415 495 466 et
509 401 570 466 hoc
583 411 630 466 est
643 400 796 486 philtrurn
807 413 820 463 ε’
838 421 902 464 non
917 397 1028 480 forma
1044 399 1076 463 Ο
1091 401 1216 478 molier,

365 489 428 556 Sed
442 489 572 552 virtutes
584 487 740 552 delectant
753 485 892 551 maritos.

363 575 417 646 Tu
432 597 508 639 vero
522 573 639 661 siquid
653 576 813 660 pungeris,
830 573 967 638 Lacaeua
979 571 1057 636 urbs

363 663 422 726 Est
436 660 564 746 aliquod
579 661 696 746 magni,
713 661 847 746 Scyrum
861 681 935 722 vero
948 658 1038 722 nullo
1048 659 1120 724 Ioco
1132 661 1238 745 ponis,
1307 671 1373 728 eto

362 747 407 812 Et
420 759 557 811 ostentas
571 747 692 810 divitias
705 747 787 809 Inter
801 747 927 894 inopem
951 744 1120 810 Menelaus
1133 769 1210 812 vero
1224 747 1285 812 tibi

363 833 471 920 Major
485 845 531 896 est
548 831 687 896 Achille:
709 845 841 918 propter
877 853 923 895 ωε
935 831 1081 916 profecto
1093 833 1162 898 odit
1175 847 1208 898 te
1223 837 1372 900 maritus.

363 921 501 1006 Oportet
514 921 599 984 enim
612 917 785 994 mulierem,
801 919 895 982 etiarn
910 919 934 980 si
950 917 1035 982 malo
1049 920 1117 983 viro
1130 919 1207 984 data
1219 921 1272 996 sit,

363 1005 446 1071 Boni
460 1005 634 1083 consulere,
649 1019 681 1069 et
694 1025 759 1068 non
773 1003 935 1068 decertare
949 1025 1016 1067 nrm
1029 1027 1065 1070 en
1078 1005 1119 1070 de
1132 1005 1224 1070 festu.

363 1091 397 1158 Si
412 1114 487 1156 vero
501 1087 533 1154 in
549 1089 700 1170 Thracia,
714 1089 903 1154 circumfusa
915 1090 986 1153 nive

364 1177 507 1244 Haberes
521 1179 669 1248 maritum
684 1191 803 1264 regem,
819 1177 874 1240 ubi
888 1198 946 1260 per
960 1179 1042 1241 vices
1055 1177 1169 1242 lectum

361 1265 428 1330 Dat
441 1263 548 1328 multis
562 1265 732 1328 mulieribus
747 1285 826 1326 unus
840 1263 888 1326 vir
901 1265 1148 1341 communicans,

360 1351 414 1416 Au
428 1349 588 1414 occideres
602 1349 702 1413 istas?
725 1352 769 1413 At
781 1350 823 1414 sic
838 1349 1045 1414 insatiabilem
1059 1350 1267 1436 cupiditatem
1292 1377 1375 1419 oon-

444 1437 569 1502 cubitus

361 1521 519 1588 Omnibus
534 1523 716 1588 mulieribus
732 1521 908 1609 impingens
922 1523 1211 1608 deprehendereris.

360 1609 473 1695 Turpe
486 1621 570 1674 certe
585 1612 657 1674 hoc.-
679 1631 858 1696 quanquam
873 1611 1011 1696 graviori
1025 1611 1100 1674 viris
1114 1611 1229 1674 morbo
1304 1623 1374 1680 990

361 1695 439 1760 Hoc
453 1695 642 1770 laboramus,
658 1696 712 1760 scd
727 1697 859 1780 pulchre
873 1717 944 1760 eum
956 1697 1222 1762 administramus.

360 1783 393 1846 0
407 1781 588 1847 charissime
605 1781 738 1859 Hector,
755 1782 810 1846 scd
824 1805 885 1869 ego
898 1796 953 1846 tua
963 1805 1057 1846 causa

359 1868 515 1934 Amabam
528 1869 631 1934 tecur'n
647 1871 776 1946 eosdem,
792 1869 818 1932 si
832 1867 909 1955 quid
924 1883 956 1932 te
970 1869 1093 1933 seduxit
1107 1869 1228 1946 Venus,

361 1955 467 2020 Etiam
477 1957 545 2055 jam
561 1978 645 2040 saepe
657 1955 757 2019 ubero
769 1956 832 2019 tuis
846 1955 962 2040 spuriis

359 2041 501 2123 Probat,
513 2053 550 2106 ut
565 2041 621 2106 tibi
633 2041 713 2104 nihil
727 2041 835 2106 darem
849 2040 965 2105 acerbi.

359 2127 403 2193 Et
416 2126 486 2192 haec
501 2126 616 2192 faciens
630 2128 745 2192 virtute
759 2128 831 2190 mihi
843 2127 1050 2192 conciliabam

360 2213 532 2278 Maritum:
555 2226 591 2277 tu
605 2235 681 2278 vero
694 2235 796 2300 neque
808 2214 966 2300 guttulam
979 2213 1108 2277 aetherei
1123 2215 1204 2278 roris

358 2299 435 2364 Tuo
450 2300 518 2362 viro
532 2299 668 2365 assidere
681 2300 756 2364 sinis
771 2312 923 2364 metuens.

358 2385 410 2451 Ne
423 2399 555 2462 matrem
572 2397 654 2450 tuom
668 2387 942 2462 amore-virorum,
958 2385 992 2451 Ο
1005 2386 1128 2464 mulier,

358 2471 492 2539 Studeas
502 2495 669 2558 superare:
692 2493 764 2536 nam
779 2472 933 2536 malarum
948 2485 1084 2537 matrum
1305 2485 1381 2546 230

358 2557 469 2624 Mores
483 2571 610 2646 oportet
623 2561 733 2648 fugere
747 2558 873 2639 liberos,
888 2559 1001 2644 quibus
1016 2560 1097 2624 inest
1110 2579 1209 2625 nnus.

272 2667 349 2712 cuo.
358 2645 509 2722 Domina,
525 2659 678 2733 quantum
692 2645 750 2708 tibi
765 2645 854 2709 adest
865 2641 1006 2720 facultas,

356 2730 498 2796 Tantum
512 2753 590 2817 pare
603 2733 687 2808 mihr',
704 2744 739 2796 ut
752 2753 825 2795 cum
841 2730 901 2800 hac
923 2731 1131 2797 AErdmrnoche
1151 2733 1254 2797 verbis
1278 2757 1381 2804 eom.

439 2819 593 2904 positione
605 2818 711 2883 facian

271 2903 446 2980 tranQuid
460 2919 645 2994 arroganter
658 2904 807 2989 loqueris,
821 2917 854 2968 et
868 2905 954 2969 venis
966 2905 997 2968 in
1010 2919 1167 2968 certamen
1180 2905 1380 2990 verborum,

357 2988 459 3065 Quasi
474 3008 509 3056 tu
523 2991 650 3078 quidem
666 2992 709 3055 ais
722 3004 816 3068 casta,
832 3009 899 3078 ego·
908 3012 982 3055 vero
996 3011 1061 3054 nou
1076 2992 1134 3054 rim
1147 2991 1261 3058 casta?

270 3097 350 3143 auu.
360 3076 457 3142 Haud
481 3091 566 3143 certe
586 3089 670 3142 casto
693 3099 724 3142 es
746 3079 788 3142 oh
812 3099 850 3140 ea
872 3076 980 3142 saltem
1006 3077 1113 3154 verba,
1139 3077 1255 3164 quibus
1279 3101 1385 3152 nunc

440 3185 473 3228 ea
487 3187 553 3228 usa.
880 3191 887 3202 ·

270 3247 389 3315 namo
405 3249 526 3328 mulier,
542 3264 614 3316 tuus
628 3251 750 3316 anbnus
764 3272 807 3314 ne
819 3251 902 3316 adsit
916 3249 1004 3314 mihi.

269 3355 350 3401 aun.
360 3335 402 3401 Es
410 3335 590 3422 juvencula,
605 3351 637 3402 et
650 3337 796 3424 loqueris,
813 3337 854 3402 de
866 3338 1023 3424 turpibus.

269 3422 411 3488 nanu
423 3445 497 3487 vero
508 3424 593 3488 nonl
639 3427 731 3501 ueris,
744 3425 796 3488 sed
808 3423 884 3488 facis
895 3435 1006 3488 contra
1017 3445 1077 3500 me,
1092 3436 1248 3509 quantum
1260 3445 1386 3514 potae,

267 3529 347 3574 ann.
357 3506 432 3574 Non
448 3509 541 3575 tacite
554 3509 628 3576 dole
651 3510 676 3573 is
689 3510 731 3575 de
744 3507 939 3574 concubitu?
1306 3525 1386 3586 240

269 3593 470 3670 aaaQuid?
490 3599 542 3662 An
556 3619 621 3661 non
636 3597 783 3661 istasunt
799 3596 916 3684 ubique
929 3615 1051 3661 summa
1066 3595 1281 3664 mulieribus?

268 3681 458 3748 artnRecte
471 3681 597 3768 quidem
613 3685 790 3748 utentibus:
813 3685 860 3747 siu
877 3683 991 3760 minna,
1005 3701 1070 3744 non
1085 3693 1153 3746 runt
1167 3681 1329 3756 bouem.

267 3769 429 3835 nonNon
442 3769 585 3858 regimus
598 3769 709 3834 urbem
725 3767 943 3835 Barbarorum
957 3768 1091 3856 Iego'bus.

267 3873 349 3919 Atro.
357 3853 400 3919 Et
414 3854 478 3918 iIIic
492 3855 598 3939 turpia
611 3865 642 3920 et
656 3855 709 3920 hic
722 3855 842 3920 habent
855 3855 1000 3920 dedecus.

267 3939 478 4005 unaCallida
492 3955 539 4023 tu,
554 3941 668 4006 callida
680 3943 795 4028 pridem
810 3963 863 4006 er:
885 3941 939 4006 sed
955 3953 1059 4006 tamen
1075 3963 1096 4004 ο
1141 3953 1203 4006 rtet
1218 3955 1252 4006 te
1268 3955 1389 4022 mori,

265 4025 451 4092 aumvidea
463 4041 597 4093 statuam
613 4027 761 4093 Thetidis
774 4029 806 4092 in
823 4045 854 4094 te
868 4027 1086 4114 respicientem

267 4110 441 4187 uanuoe
455 4128 539 4178 certe
552 4114 622 4180 odit
635 4126 722 4180 tuam
738 4115 872 4200 patriam
886 4127 1018 4200 propter
1033 4125 1166 4180 mortem
1181 4115 1352 4190 Achillis.

265 4219 346 4264 ann.
354 4197 484 4264 Helena
497 4213 597 4265 mater
610 4213 665 4266 tua
679 4223 751 4266 eum
767 4199 915 4286 perdidit,
931 4221 996 4264 uon
1011 4221 1029 4264 e

266 4287 402 4350 nauhu
416 4307 492 4350 vero
506 4285 636 4350 ulterius
649 4287 743 4352 etiam
758 4288 892 4376 attingas
905 4309 976 4352 mea
989 4307 1021 4352 m
1053 4281 1098 4350 a?
