2852 4862
244 213 311 270 4¹26
628 198 956 270 EURIPIDIS

316 429 319 438 ,
335 375 467 462 Cyclopi
483 375 700 439 conviviorum
714 375 903 462 injustorum
919 377 1072 442 minIster.

336 463 380 530 Et
393 484 478 528 nunc
493 463 565 526 mihi
581 461 728 528 mandata
744 463 959 527 necessitatem
975 466 1157 550 Imponuut,

305 591 308 598 ι
337 550 393 614 Mc
409 549 562 612 mundare
577 547 683 612 ferreis
699 547 748 612 his
763 551 872 614 rastrIs
886 549 1030 628 domum,

337 636 384 703 Ut
398 653 429 700 et
443 636 607 700 absentem
621 634 799 712 dominum,
818 635 1003 722 Cyclopem,
1020 661 1125 704 meum

335 721 469 788 Mundis
480 721 578 786 antris
593 735 624 786 et
638 743 712 785 ovea
726 722 930 805 excipiamus.

333 809 406 874 Jum
421 831 495 872 vero
510 807 590 872 fflios
604 829 708 892 prope
717 823 883 892 parcentes
898 809 991 877 ruico

336 895 475 980 Greges:
499 891 676 981 quidhoc?
697 917 773 960 num
788 895 937 981 strepitur
953 896 1153 964 Sicinnidunr

338 982 457 1048 SimiIis
471 993 515 1046 ert
530 1003 615 1046 nunc
630 980 718 1045 vobis
732 1004 771 1046 uc
784 1003 883 1068 quum
900 981 1030 1068 Baccho

336 1067 501 1134 Sotialium
517 1068 606 1132 chori
620 1069 771 1153 stipantes
784 1067 920 1134 AItbaeae
935 1070 1066 1136 domum

337 1155 492 1232 Adibatis,
509 1168 603 1220 contu
618 1154 816 1224 burbitoeum
831 1155 1025 1224 exhilarari?
1296 1167 1334 1222 Io

247 1265 323 1310 cuo.
335 1241 486 1318 Quonam
501 1241 579 1305 mihi
594 1242 756 1326 generosis
770 1264 809 1306 en
821 1242 965 1328 patribus
1211 1251 1277 1330 (etr.
1295 1245 1333 1324 t.)

335 1327 379 1394 Et
392 1329 552 1416 generosis
566 1351 607 1392 ex
620 1326 772 1392 matribus
786 1339 868 1406 note,
979 1391 982 1396 .

334 1415 410 1492 Quo
424 1415 503 1478 mihi
519 1413 605 1478 vadis
619 1437 672 1496 per
686 1412 857 1499 scopha?

335 1501 410 1566 Non
427 1501 478 1565 hic
489 1523 508 1565 a
521 1515 616 1565 vento
630 1500 793 1566 defensum
810 1501 968 1568 stabulum

335 1587 378 1652 Et
393 1587 500 1652 Iaetnm
515 1608 659 1673 gromen,

335 1675 379 1742 Et
393 1676 550 1741 verticosa
565 1695 646 1759 nque
658 1674 828 1744 noviomo

334 1761 373 1832 In
387 1760 484 1828 alveis
496 1759 601 1846 posite
616 1775 662 1828 ost
673 1762 772 1847 juxta
783 1783 843 1826 on·

334 1863 393 1926 tro,
410 1871 473 1914 non
489 1847 548 1915 tibi
563 1847 687 1916 balatus
701 1869 858 1933 aguntum
870 1847 936 1914 hic.

334 1935 429 2000 Heus
443 1948 478 2000 tu
492 1933 499 1999 I
526 1957 589 2002 uon
606 1934 669 2011 hic,
684 1955 748 2001 non
760 1931 995 2020 bicpaeceris?
1211 1941 1280 2026 (df.
1293 1935 1335 2012 2.)

335 2021 410 2086 Non
426 2023 457 2084 in
472 2021 554 2085 cIivo
569 2019 718 2086 roscido?
1297 2029 1337 2088 50
1419 2025 1420 2030 ’

334 2107 422 2260 Q
433 2105 457 2188 i)
474 2107 590 2193 jucium
606 2129 717 2174 saxum
734 2131 810 2174 mox
823 2107 904 2176 iste
920 2111 942 2154 ’Δ

408 2195 415 2207 “
433 2193 467 2260 0
480 2193 550 2260 redi
567 2191 748 2262 Ocornute
886 2255 890 2264 .

335 2284 386 2348 Au
398 2283 533 2365 pastoris
547 2280 754 2346 stabularium
773 2283 790 2320 *
838 2318 841 2326 ·

335 2366 485 2453 Cyclopis
499 2370 643 2456 agrestis.

333 2455 425 2518 Laxa
439 2454 517 2518 mihi
532 2467 693 2540 turpentes
707 2475 877 2520 monimen:
1208 2461 1284 2540 (oet.
1299 2455 1339 2533 t.)
1420 2429 1421 2520 i

334 2540 457 2624 Excipe
471 2540 530 2606 sub
544 2539 670 2625 papillis
684 2563 839 2626 morum
855 2543 1074 2629 propaginem,

334 2627 442 2704 Quum
458 2627 610 2714 relinquis
624 2627 656 2692 in
671 2625 826 2698 thalamis.

327 2713 526 2780 ¹Desiderunt
541 2729 573 2780 te
588 2713 966 2784 interdiu-dormientium

334 2800 466 2866 BaIatue
480 2823 652 2952 percorum
666 2823 834 2884 agnorunt

334 2887 1029 2974 Inalohtorrcuuuinmecquendcintrebis,
1301 2895 1342 2954 60

335 2974 482 3040 Herbidn
495 2975 674 3062 reiinquens
689 2995 816 3058 pascua,

334 3059 482 3128 AEtnoeoa
496 3061 580 3130 burs
594 3059 764 3146 scopulosi

335 3147 402 3213 Hic
416 3169 481 3214 non
497 3159 540 3214 ert
555 3145 716 3228 Bromius,
730 3147 858 3216 Iunnnu
872 3157 942 3214 mut
952 3147 1068 3226 chori,
1202 3153 1281 3233 (ant.
1295 3151 1340 3230 I.)

335 3233 404 3298 Nec
420 3233 557 3299 Bnccboe
572 3234 760 3322 thyrsigera

256 3326 262 3334 '
334 3319 409 3386 Non
426 3332 652 3409 tympanorum
668 3323 820 3408 strepitus

249 3446 252 3455 ·
333 3407 387 3474 Ad
401 3407 504 3472 sontes
518 3407 685 3493 aquifluos,

334 3495 408 3560 Non
424 3495 489 3558 vini
504 3494 620 3560 virides
681 3495 780 3572 ttulae,

333 3581 409 3647 Non
425 3583 530 3666 Nyssa
544 3603 615 3648 cum
634 3518 805 3668 Bimpffia.

334 3667 520 3746 Bacchium,
537 3668 702 3734 bacchium
718 3689 846 3736 muman

333 3754 425 3822 Cano
439 3755 483 3822 ob
498 3755 669 3833 Venerem,

333 3839 442 3919 Quem
457 3864 602 3930 qurerem
619 3841 790 3910 volitebem
821 3905 824 3910 .

333 3927 417 3994 Cum
433 3929 569 3996 Bacchis
583 3925 1066 4013 candidu-pedes-Iabenuhm.
1081 4011 1085 4020 ὓ

333 4013 485 4094 chure,
503 4016 535 4083 Ο
550 4019 644 4082 chare
662 4016 799 4093 Bacche,
902 4077 906 4084 ,
964 4054 969 4069 =

334 4099 477 4167 Ubinam
493 4102 727 4170 scius-verearis

332 4187 464 4254 Flavum
478 4190 666 4276 capillitium
682 4189 888 4260 concutiens?
915 4223 919 4231 ·

333 4273 404 4362 Ego
420 4277 503 4342 enim
520 4291 594 4346 tum
601 4277 752 4344 minister
