2828 4864
243 225 305 284 tua
626 209 954 284 EURIPIDIS

327 387 446 456 Pedem
461 409 557 474 supra
572 389 728 454 murinum
742 388 830 454 littus
844 389 1020 454 extendens

330 473 473 540 Moriens
489 496 562 539 vero
576 495 648 540 cum
663 473 884 551 duobusfiliie,
900 475 1004 560 periit,
1253 487 1367 545 128⁰

326 561 487 632 Quidnam
500 561 598 648 igitur
611 572 716 646 potest
729 561 871 626 accidere
885 561 1015 638 tristius,
1032 559 1066 625 Ο

330 645 504 712 Mulierum
518 646 666 735 conjugia
677 667 865 722 arumnora,
881 659 1000 732 quanta

333 731 527 800 Hominibus
540 732 624 797 mela
632 733 698 818 jam
714 731 873 797 attulistis.

242 839 309 885 uas.
329 817 492 896 Mulieres,
508 839 580 906 quae
594 818 683 884 statie
695 838 797 904 prope
809 816 894 882 hane
907 818 1049 894 domum,

328 905 416 970 Num
441 905 486 1054 ini
498 904 619 969 aedibm
644 914 688 970 ert
710 903 774 981 illa,
798 925 871 991 quae
896 901 1015 970 facium
1029 904 1094 992 Itoe
1113 917 1213 970 atrox
1245 928 1360 974 com-

415 991 501 1055 rniat

330 1075 458 1142 Medaea
472 1076 550 1154 istie,
565 1097 607 1142 an
621 1077 696 1141 hinc
711 1099 743 1142 ee
755 1078 915 1164 proripuit
928 1077 961 1142 lu
1010 1075 1028 1140 l

328 1163 466 1248 Oportet
480 1163 562 1228 enim
578 1164 678 1250 ipsam
694 1176 749 1228 aut
762 1163 912 1228 abscondi
928 1185 965 1227 su
1002 1175 1095 1238 terra,

218 1261 221 1266 ·
328 1249 398 1314 Aut
410 1247 552 1315 attollere
565 1249 690 1314 volatile
703 1271 816 1335 eorpus
829 1249 862 1313 iu
878 1248 956 1313 aeria
968 1247 1234 1334 profunditatem,

329 1335 399 1399 Nisi
414 1357 523 1424 regum
539 1335 648 1400 domui
664 1333 718 1400 det
734 1355 855 1420 poenas.

329 1419 415 1486 Num
423 1419 565 1496 confidit,
575 1419 845 1486 euminterfeeerit
855 1419 1232 1506 principos-hujusmrrae,
1249 1431 1359 1490 129⁰

329 1507 370 1572 Se
457 1529 475 1572 e
489 1507 675 1592 impunitam
689 1505 839 1594 aufugere
852 1529 893 1570 ox
907 1505 956 1574 his
966 1503 1112 1570 edibus?

393 1613 501 1658 —non
515 1604 579 1656 tarn
593 1591 700 1676 ipsine,
716 1615 808 1677 quam
825 1593 995 1657 liberorum
1011 1609 1119 1658 euram
1133 1615 1233 1680 gero:

329 1678 422 1744 Illam
437 1678 521 1743 enim
535 1679 677 1764 punient,
693 1701 771 1766 quos
785 1678 876 1755 laesit,
1001 1761 1003 1764 Ι

328 1763 476 1830 Meorlun
493 1785 568 1829 vero
580 1763 752 1829 liberorum
769 1765 840 1828 veni
855 1779 891 1828 ut
904 1785 1059 1830 servarem
1073 1764 1182 1840 vitam,

328 1849 380 1916 Ne
393 1849 512 1938 aliquid
528 1849 605 1915 mihi
620 1851 737 1916 iaciant
752 1849 898 1916 Creontis
912 1851 1049 1938 cognati,

327 1935 532 2002 Vindiea'ntes
546 1937 673 2022 impiam
686 1937 805 2001 eedem
816 1959 840 2000 a
853 1935 960 2000 Matre
974 1955 1073 2001 eornm
1086 1947 1335 2021 perpetratam.

243 2037 319 2090 cuo.
331 2020 364 2087 Ο
380 2023 501 2098 infelix,
515 2023 615 2086 nescis
652 2045 694 2086 uo
706 2022 862 2087 malorum
877 2023 1009 2103 neumis,

327 2107 443 2172 Jason:
466 2129 540 2172 nam
554 2129 619 2170 non
629 2043 764 2172 dixisses
778 2106 847 2171 lraee
860 2107 967 2174 verba.

242 2213 309 2260 uas.
326 2191 414 2271 Quid
429 2192 499 2258 ert?
519 2215 560 2258 an
575 2196 643 2258 vnlt
655 2195 749 2258 etiam
765 2215 817 2258 me
830 2190 996 2259 occidere?
1412 2269 1413 2272 Ἴ

241 2299 321 2346 cttO.
329 2279 437 2344 Liberi
451 2279 498 2343 tui
513 2301 606 2344 manu
622 2281 729 2344 matris
742 2279 917 2366 perierunt.
1246 2289 1351 2350 1800

241 2385 310 2432 uns.
328 2363 404 2430 Heu
421 2364 496 2451 quid
510 2363 613 2429 dicis?
633 2387 728 2452 quam
743 2388 794 2430 me
807 2365 982 2451 perdidisti,
997 2363 1128 2429 mulierl

242 2472 319 2516 cuo.
328 2449 444 2552 Cogita
456 2451 553 2539 igitur
566 2464 620 2516 tan
643 2473 716 2516 uam
731 2450 773 2516 de
788 2453 919 2516 mortuis
934 2451 1040 2516 liberis
1054 2450 1127 2515 tuit.

240 2557 309 2603 sau.
326 2535 466 2603 Ubinam
480 2559 533 2601 eos
543 2537 590 2600 int
637 2538 708 2614 ecit,
725 2537 859 2615 intusne,
875 2560 915 2603 an
931 2551 1021 2602 extra
1035 2535 1190 2601 domurn?

243 2643 319 2688 cao.
326 2623 424 2708 Aperi
438 2623 531 2706 lorea,
546 2639 577 2688 et
593 2622 713 2688 uldebis
727 2624 846 2688 coedem
861 2639 989 2689 tuorum
1004 2622 1188 2687 liberorum.

241 2727 311 2776 tue.
328 2709 449 2774 Lame
462 2730 545 2774 seras
559 2729 654 2796 quam
669 2708 842 2788 celerrime,
858 2711 1004 2787 ministri,

329 2795 447 2860 Solvite
461 2795 621 2881 repagula,
637 2809 673 2860 ut
685 2796 808 2860 videam
821 2796 982 2884 geminum
997 2797 1126 2872 malum,

329 2881 403 2945 Hos
417 2882 527 2947 litero
540 2881 730 2959 interfectos,
745 2895 777 2946 et
792 2895 827 2946 ut
840 2881 925 2946 illam
940 2882 1080 2966 puniam.

243 2966 420 3043 rrquuid
433 2965 527 3032 hatoe
539 2989 657 3048 morea,
671 2984 703 3033 et
715 2967 857 3032 vectibus
870 2966 991 3032 moliris
1004 2979 1122 3053 portat,

327 3052 484 3129 Quaerens
498 3065 650 3132 mortuos,
666 3066 699 3118 et
710 3077 770 3130 me,
787 3075 859 3140 quae
872 3057 980 3118 coedem
994 3051 1139 3138 patravi?

327 3139 453 3204 Desiste
465 3139 506 3202 ab
522 3137 583 3203 hoe
595 3139 719 3205 labore:
742 3139 768 3203 ei
784 3161 858 3204 vero
870 3138 927 3204 tibi
942 3161 994 3204 me
1006 3161 1087 3223 opus
1100 3152 1158 3216 eet,
1247 3151 1349 3212 1³10

326 3223 390 3290 Die
404 3225 430 3287 si
445 3224 521 3310 quid
535 3225 591 3302 vis,
607 3247 769 3314 nunquam
783 3247 857 3290 vero
872 3247 968 3290 manu
982 3247 1034 3290 me
1048 3226 1195 3314 attInget.

327 3307 439 3376 Talem
454 3331 581 3376 currum
599 3311 654 3376 Sol
670 3325 759 3396 pater
771 3313 870 3397 patris

327 3395 392 3462 Dat
406 3395 507 3474 uobis,
521 3397 798 3486 propugnaculum
813 3411 925 3462 eontra
939 3419 1068 3463 manum
1082 3396 1248 3465 hottilem.

241 3503 308 3549 aas.
325 3480 358 3547 Ο
371 3481 508 3560 reeleeta,
525 3481 558 3548 Ο
571 3485 709 3548 maxime
720 3483 820 3548 iuriae
835 3483 947 3548 mulier

327 3567 398 3634 Diis
412 3581 444 3633 et
459 3567 535 3632 mihi
549 3581 581 3634 et
594 3571 741 3634 universo
754 3569 935 3634 mortalium
949 3569 1068 3656 generi,

326 3653 411 3733 Quae
426 3653 488 3719 tuis
502 3655 609 3720 liberis
621 3655 750 3743 injioere
761 3655 903 3742 gladium

325 3741 414 3806 Ausa
427 3763 473 3818 ea,
488 3763 568 3828 quoe
582 3743 745 3827 peperisti,
759 3754 793 3806 et
806 3763 857 3806 rne
869 3739 942 3804 liliis
955 3741 1102 3806 orbatum
1117 3739 1320 3826 perdidisti.

325 3825 456 3891 Etcum
471 3825 541 3892 inec
553 3825 674 3908 feeerit,
688 3843 793 3892 tameo
808 3827 906 3891 solem
920 3827 1033 3912 mpieie

326 3911 369 3976 Et
383 3924 510 3992 terram,
525 3935 602 3980 ausa
614 3933 682 3977 rem
697 3913 927 3999 impiissimam.

326 3995 460 4062 Pereat:
481 4021 542 4086 ego
556 4021 631 4065 uero
643 4021 730 4064 nune
742 3999 881 4086 primum
895 3999 995 4084 sapio,
1011 4011 1087 4063 tune
1103 4019 1169 4062 uon
1186 4001 1342 4086 rapiens,

326 4081 410 4146 Cum
426 4085 763 4150 teexdomoetterra
776 4085 923 4162 barbara,
1242 4095 1340 4156 1³21

326 4166 414 4232 Duxi
429 4168 461 4232 io
477 4168 609 4238 domum
624 4171 785 4250 Graeeaur,
801 4193 952 4260 magnum
966 4171 1096 4246 maluun

327 4251 368 4317 Et
382 4253 481 4340 patris
496 4271 526 4322 et
541 4273 643 4336 terne,
662 4279 735 4345 quae
750 4271 781 4324 te
795 4259 936 4338 nutrivit,
950 4257 1164 4344 proditrioem.
