2852 4862
269 219 331 278 894
650 205 975 316 apR1P1D1s

354 379 511 446 lncboans
524 392 677 466 perpetua
693 363 924 465 lachrymarum
941 381 1093 445 carmina.

353 467 450 532 Musa
464 487 538 530 vero
552 480 600 531 est
614 480 647 530 et
660 465 731 530 baec
745 467 883 550 quaedam
898 463 1087 545 infelicibus,

356 552 471 617 Clades
487 573 634 616 resonare
648 553 764 616 tristes.

358 640 466 704 Prorae
480 638 619 715 navium,
634 637 765 715 veloces,

356 724 441 801 Quae
456 723 496 788 ad
512 745 637 788 sacrum
653 724 745 788 Ilium
763 725 858 789 remia

357 811 420 876 Per
433 831 520 874 mare
534 813 741 895 purpureum,
757 822 789 876 et
802 831 860 896 per
873 823 983 897 portus

355 896 495 962 Graeciae
509 895 693 960 commodos

356 982 525 1046 Tibiarum
542 1003 653 1066 paeane
668 981 748 1044 tristi

357 1069 401 1133 Et
414 1067 591 1132 fistularum
606 1087 720 1131 sonora
734 1089 809 1132 voce
824 1068 973 1152 (conten)

358 1154 464 1218 Funes
475 1153 607 1240 AEgypti
622 1153 835 1218 inventionem

360 1238 540 1326 Religastis,

358 1325 436 1389 Heu
451 1322 532 1388 heu!
557 1325 591 1387 in
607 1323 714 1388 Tro'ae
730 1325 802 1388 sinu

358 1410 551 1494 Repetentes
566 1348 709 1474 Menelai

357 1495 510 1560 Odiosam
524 1497 702 1582 conjugem,
720 1495 844 1560 Castori
858 1495 995 1559 dedecus

361 1581 405 1646 Et
418 1579 577 1645 infamiam
593 1582 736 1662 Eurotae,

359 1666 445 1743 Quae
459 1666 587 1753 quidem
597 1668 756 1754 jugulavit
849 1664 851 1672 ⁴

360 1754 504 1818 satorem
521 1753 750 1840 quinquaginta
763 1751 937 1817 liberorum

361 1838 534 1915 Priamum,
550 1851 581 1904 et
596 1840 807 1904 memineram
825 1836 991 1903 Hecubam

359 1925 399 1989 In
414 1924 496 1988 hanc
509 1923 622 2011 dejecit
637 1925 857 1990 calamitatem.

362 2009 429 2074 Hei
444 2010 521 2074 mibi
534 2021 657 2092 propter
671 2010 769 2088 aedes,
784 2032 861 2096 quas
875 2009 969 2074 sedeo
1222 2017 1295 2095 (ant.
1311 2009 1344 2086 1.)

359 2097 619 2183 Agamemnoniis
634 2097 776 2160 tentoriis
785 2094 907 2160 vicinal

360 2182 458 2246 Serva
471 2199 546 2245 vero
559 2179 660 2246 ducor
673 2203 752 2246 anus
765 2203 807 2246 ex
820 2181 942 2246 aedibus
955 2181 1101 2266 propriis,
1296 2187 1345 2244 140

360 2266 499 2331 Caesarie
513 2269 608 2352 (rasa)
623 2267 750 2350 lugubri

360 2351 466 2438 Caput
481 2353 699 2418 miserabiliter
713 2352 911 2437 depopulata.

360 2437 422 2504 Sed
439 2435 471 2502 Ο
485 2437 671 2502 bellatorum
687 2438 901 2523 Trojanorum

360 2523 521 2611 Conjuges
535 2525 666 2601 miserae,
683 2535 715 2588 et
728 2525 866 2612 virgines

360 2609 405 2674 Et
420 2607 556 2674 infelices
571 2631 706 2694 sponsae,

360 2695 477 2760 Fumat
491 2695 598 2776 Ilium,
612 2696 793 2781 ploremus:

360 2781 409 2848 Ut
423 2794 526 2846 autem
540 2781 686 2867 quoedam
702 2793 801 2847 mater
814 2781 897 2847 alata
910 2780 1090 2866 clangorem

359 2868 478 2932 Avibus
492 2867 638 2934 exordiar
652 2889 712 2956 ego

361 2953 557 3018 Cantilenam
573 2975 638 3018 non
655 2958 673 2992 ⁸
688 2953 831 3030 eandem,

360 3037 498 3114 Qualem
513 3039 588 3104 olim
1296 3045 1347 3104 tto

362 3124 495 3206 Sceptro
511 3123 630 3188 Priami
646 3126 755 3189 innixe

361 3209 457 3274 Pedia
471 3210 665 3293 praesultoris
679 3212 744 3275 ictu
760 3211 901 3298 Phrygio

362 3293 511 3360 Glorioso
525 3293 679 3360 ducebam
694 3295 734 3361 ad
750 3296 894 3361 Deorum
909 3295 1035 3382 templa.

274 3381 390 3448 sa.l.0
407 3379 555 3458 Hecuba,
567 3381 644 3466 quid
658 3381 822 3447 clamitas?
843 3383 918 3468 quid
930 3403 1005 3446 vero
1016 3381 1224 3449 vociferaris?
1239 3383 1348 3470 (stadt)

360 3466 438 3543 Quo
452 3487 503 3531 rea
518 3464 664 3533 devenit?
684 3489 742 3553 per
755 3468 933 3532 atriaenim

361 3553 466 3618 Audio
479 3549 622 3638 ejulatus,
638 3577 716 3640 quos
730 3553 875 3618 flebiliter
888 3554 966 3631 edis,

360 3639 404 3703 Et
417 3660 474 3723 per
485 3651 616 3740 pectora
631 3651 732 3705 metus
746 3652 888 3724 penetrat

360 3723 519 3810 Trojano,
534 3747 607 3812 quae
622 3725 654 3788 in
670 3725 718 3790 bis
732 3725 941 3790 tabernaculis

362 3811 550 3876 Servitutem
563 3831 651 3876 msam
664 3811 839 3894 deplorant

276 3893 388 3960 nncO
402 3895 486 3974 filiae,
502 3897 543 3962 ad
555 3913 649 3961 nares
662 3898 854 3984 Argivorum
864 3899 932 3984 jam

361 3980 513 4049 Moretur
526 3983 788 4048 remis-instructa
801 4005 921 4048 manus.

274 4065 435 4131 sahHeu
448 4089 500 4132 me
518 4071 674 4146 miseram,

362 4151 452 4229 Quid
466 4156 521 4219 cti
534 4153 666 4220 volunt?
687 4156 740 4220 An
755 4175 842 4218 nunc
856 4175 906 4218 me
920 4153 1067 4220 miseram

361 4237 508 4304 Arabent
520 4240 592 4304 nari
606 4241 709 4326 patrio
717 4241 829 4324 pomi
842 4263 861 4305 a
873 4237 963 4306 solo?
