2802 4858
182 197 412 266 nnnnosmns
436 195 737 267 coronaeus.
902 163 964 272 us

182 396 194 436 n
206 373 312 438 nniuun
325 374 362 438 ira
372 371 558 438 concitatum
567 371 693 438 'habens

182 475 232 524 ntra
242 481 287 522 nos
297 459 361 544 patri
372 473 496 544 peccata
510 471 574 536 tua,

182 546 230 610 iano
245 545 343 610 Pittheo
354 544 412 608 seui
427 545 643 625 calamitates)

182 655 226 718 qne
236 645 325 696 terrun
337 652 450 694 onmem
467 629 651 714 turpissimis
665 631 886 696 sermonibus·

182 741 226 782 eas
238 716 420 804 etquicunque
434 703 544 780 amieis
557 717 807 804 repugnantibus
899 727 963 786 690

182 827 191 866 s
203 815 240 867 est
250 805 282 866 ad
296 823 347 866 non
356 801 478 868 honeste
492 801 760 868 benefaciendum.

182 902 253 974 potes
264 888 366 974 quidem
371 885 443 974 jaare
458 910 528 954 mes
541 889 770 972 reprehendere
782 902 928 976 precatae

182 998 209 1040 m
222 985 244 1038 te
256 973 358 1039 mordet
369 989 455 1038 tuum
468 985 578 1038 redum
588 972 742 1060 judicium
758 988 894 1061 superet.
928 1043 937 1050 ,

182 1083 232 1125 *ero
243 1075 269 1125 et
280 1083 331 1147 ego
342 1061 374 1124 ed
387 1059 467 1137 haee,
482 1061 508 1125 si
520 1062 678 1136 admittas,
694 1059 892 1146 respondere.
911 1099 913 1106 ·

182 1172 206 1224 n,
220 1161 246 1210 et
259 1145 385 1211 benevola
398 1168 485 1210 sum:
509 1146 611 1212 morbi
626 1167 699 1211 vero
714 1147 771 1211 tibi

182 1232 305 1310 remedia,
318 1233 411 1296 inveni
425 1253 490 1297 non
504 1254 576 1319 quae
592 1231 685 1297 volui.

182 1319 264 1382 liciter
275 1340 326 1384 rem
337 1319 501 1404 gessissem,
517 1317 609 1382 vaide
622 1319 746 1404 sapiens
759 1319 901 1385 iuissemr

183 1428 190 1467 r
206 1417 316 1470 eventus
325 1405 410 1482 enim,
422 1427 531 1490 sapere
544 1404 594 1469 vel
607 1427 671 1469 non
686 1427 795 1490 sapere
808 1421 966 1491 putamur.

182 1503 236 1554 nsta
247 1501 309 1555 sunt
321 1489 393 1569 hac,
408 1491 548 1576 mihique
560 1489 754 1569 sufficientia,
846 1531 847 1536 κ

182 1577 216 1640 tis
230 1576 316 1652 nobis,
330 1576 438 1641 deinde
452 1576 554 1641 verbis
569 1575 733 1641 assentiri?
905 1585 968 1647 700
1061 1649 1068 1658 ,

182 1665 224 1727 nis
237 1664 363 1726 oratioue
376 1661 513 1741 utimur3
535 1685 596 1748 ego
610 1684 675 1728 uon
690 1664 813 1748 sapiens
828 1661 890 1728 fuir

196 1748 239 1812 vel
250 1771 285 1812 ex
298 1747 342 1812 his
354 1748 424 1812 lieet
438 1749 503 1826 tihi,
519 1747 593 1826 iilia,
609 1748 735 1814 servari.

182 1835 237 1920 qui3
258 1856 324 1898 nam
338 1848 367 1898 et
380 1833 467 1918 prius
482 1855 545 1898 non
561 1847 645 1900 reete

182 1921 186 1982 i
200 1919 280 1998 milri,
295 1933 324 1985 et
338 1941 481 2006 aggressa
494 1941 527 1984 es
541 1920 633 1984 mala.

182 2029 204 2069 nr
219 2005 368 2070 demedio
382 2004 500 2083 secede,
513 2018 544 2070 et
555 2005 595 2072 de
609 2007 709 2092 teipsa

183 2115 191 2155 ε
212 2093 360 2192 egoenim
375 2113 444 2158 mea
455 2104 540 2157 recte
553 2092 683 2158 curabo.
758 2111 764 2118 ’

182 2178 282 2242 nobnies
295 2177 405 2263 puella
419 2177 606 2255 Troezeniae‚

182 2287 196 2326 n
211 2264 286 2328 mihi
300 2264 436 2348 praebete
450 2265 643 2348 deprecanti,

182 2372 242 2428 ere,
259 2371 329 2436 quae
344 2349 396 2414 hio
409 2350 577 2416 audivistis.

182 2449 259 2501 stam
276 2436 424 2512 Dianam,
439 2435 536 2500 filiam
551 2437 649 2514 Jovis,
911 2443 973 2506 710
1079 2485 1089 2498 .

182 2543 288 2608 nquam
303 2544 344 2585 ex
358 2523 421 2586 tuis
435 2521 525 2586 malis
538 2523 731 2607 prolaturam
746 2523 778 2586 in
794 2521 908 2588 lucem.

182 2608 221 2670 is.
269 2606 382 2672 Unum
395 2629 470 2674 vero
481 2631 541 2694 ego
554 2607 685 2674 hortans
700 2618 755 2672 uos

182 2693 285 2758 nitatis
299 2693 464 2758 inventum
480 2695 651 2760 remedium
668 2694 779 2774 habeo,

182 2779 356 2865 gloriosam
372 2780 498 2866 quidem
515 2780 609 2844 vitam
623 2781 702 2844 meis
716 2779 832 2857 liberis,

182 2889 237 2928 ver
252 2865 286 2928 in
302 2865 457 2950 praeseuti
471 2887 558 2932 casu.

182 2953 238 3014 rim
255 2951 464 3018 dedecorabo
478 2951 629 3017 furnilium
647 2952 843 3029 Cretensem,

182 3061 215 3100 m
232 3038 267 3100 in
285 3050 495 3123 conspectum
512 3037 639 3115 Thesei,

184 3124 268 3188 liuto
284 3123 395 3204 factis,
410 3137 539 3210 propter
553 3125 688 3190 enimam
704 3123 842 3190 unieain.

182 3210 303 3274 iectura
319 3209 363 3273 sii
390 3213 452 3274 uod
467 3209 696 3276 immedicabile
711 3208 850 3276 malum?

186 3297 259 3360 odo
274 3317 360 3360 vero
366 3232 438 3361 (iroc
452 3319 513 3384 ego
526 3297 695 3386 cogitabo?
894 3301 895 3308 ’

182 3383 242 3445 iic.
294 3401 393 3446 nune.
418 3381 461 3446 Et
475 3397 510 3448 tu
525 3405 576 3447 me
589 3397 673 3448 reete
687 3404 789 3447 mone.

182 3489 334 3545 errorem,
354 3491 430 3554 quaa
445 3490 496 3533 me
511 3469 623 3554 perdit,

182 3554 242 3619 *ita
260 3555 331 3620 hac
348 3553 423 3639 ipsa
437 3554 498 3620 die.

185 3642 291 3704 incar
307 3653 425 3704 autem
440 3644 482 3705 ab
495 3640 610 3706 acerbo
622 3661 741 3706 aurore.

186 3749 222 3789 m
243 3726 359 3790 etiam
377 3725 470 3790 alteri
483 3727 601 3792 maium
704 3774 710 3784 .

182 3812 314 3892 discat,
335 3813 376 3876 iu
395 3813 472 3876 meis
486 3811 576 3877 maiis
589 3835 654 3878 uon

182 3921 270 3962 sse:
302 3911 344 3964 et
361 3897 460 3984 hujus
471 3899 573 3964 morbi
588 3921 713 3964 mecum

182 3985 374 4069 sorticeps
389 3984 560 4051 modestior
573 4007 639 4050 esse
653 3985 763 4052 diseas

182 4069 367 4154 peluncis
386 4071 507 4134 utinam
522 4093 630 4150 essem,

182 4179 246 4220 sm
268 4178 386 4222 avem

182 4265 282 4327 gano
300 4265 423 4332 grege
436 4243 558 4310 faceret.
