<?xml version="1.0" encoding="UTF-8"?>
<!DOCTYPE html PUBLIC "-//W3C//DTD XHTML 1.0 Transitional//EN"
    "http://www.w3.org/TR/xhtml1/DTD/xhtml1-transitional.dtd">
<html xmlns="http://www.w3.org/1999/xhtml" xml:lang="en" lang="en">
 <head>
  <title>
</title>
<meta http-equiv="Content-Type" content="text/html;charset=utf-8" />
  <meta name='ocr-system' content='tesseract 3.04.00' />
  <meta name='ocr-capabilities' content='ocr_page ocr_carea ocr_par ocr_line ocrx_word'/>
</head>
<body>
  <div class='ocr_page' id='page_1' title='image "./euripidistragoe00mattgoog/euripidistragoe00mattgoog_0239.png"; bbox 0 0 2854 4866; ppageno 0'>
   <div class='ocr_carea' id='block_1_1' title="bbox 631 187 965 256">
    <p class='ocr_par' dir='ltr' id='par_1_1' title="bbox 631 187 965 256">
     <span class='ocr_line' id='line_1_1' title="bbox 631 187 965 256; baseline 0.006 -2"><span class='ocrx_word' id='word_1_1' title='bbox 631 187 965 256; x_wconf 81' lang='lat' dir='ltr'>EURIPIDIS</span> 
     </span>
    </p>
   </div>
   <div class='ocr_carea' id='block_1_2' title="bbox 337 362 1179 518">
    <p class='ocr_par' dir='ltr' id='par_1_2' title="bbox 337 362 1179 518">
     <span class='ocr_line' id='line_1_2' title="bbox 337 362 1179 450; baseline -0.007 -19"><span class='ocrx_word' id='word_1_2' title='bbox 337 366 426 431; x_wconf 85' lang='lat' dir='ltr'><strong>Inter</strong></span> <span class='ocrx_word' id='word_1_3' title='bbox 439 362 545 430; x_wconf 80' lang='lat' dir='ltr'>fabros</span> <span class='ocrx_word' id='word_1_4' title='bbox 558 363 652 428; x_wconf 85' lang='lat' dir='ltr'><strong>etiam</strong></span> <span class='ocrx_word' id='word_1_5' title='bbox 668 363 811 448; x_wconf 80' lang='lat' dir='ltr'><strong>duosque</strong></span> <span class='ocrx_word' id='word_1_6' title='bbox 824 362 1015 450; x_wconf 77' lang='lat' dir='ltr'><strong>hymnorum</strong></span> <span class='ocrx_word' id='word_1_7' title='bbox 1030 363 1179 444; x_wconf 59' lang='grc' dir='ltr'><strong>σῶα,</strong></span> 
     </span>
     <span class='ocr_line' id='line_1_3' title="bbox 337 449 856 518; baseline -0.006 -1"><span class='ocrx_word' id='word_1_8' title='bbox 337 452 442 518; x_wconf 85' lang='lat' dir='ltr'><strong>Litem</strong></span> <span class='ocrx_word' id='word_1_9' title='bbox 460 450 568 515; x_wconf 81' lang='lat' dir='ltr'><strong>Musae</strong></span> <span class='ocrx_word' id='word_1_10' title='bbox 582 449 856 516; x_wconf 79' lang='lat' dir='ltr'><strong>solentexoitare:</strong></span> 
     </span>
    </p>
   </div>
   <div class='ocr_carea' id='block_1_3' title="bbox 252 535 1359 4170">
    <p class='ocr_par' dir='ltr' id='par_1_3' title="bbox 252 535 1359 4170">
     <span class='ocr_line' id='line_1_4' title="bbox 337 535 1353 626; baseline 0 -22"><span class='ocrx_word' id='word_1_11' title='bbox 337 539 382 604; x_wconf 85' lang='lat' dir='ltr'><strong>Et</strong></span> <span class='ocrx_word' id='word_1_12' title='bbox 395 536 524 625; x_wconf 86' lang='lat' dir='ltr'><strong>quondo</strong></span> <span class='ocrx_word' id='word_1_13' title='bbox 537 536 652 602; x_wconf 79' lang='lat' dir='ltr'><strong>celeres</strong></span> <span class='ocrx_word' id='word_1_14' title='bbox 667 536 759 600; x_wconf 83' lang='lat' dir='ltr'><strong>flatus</strong></span> <span class='ocrx_word' id='word_1_15' title='bbox 772 535 879 604; x_wconf 83' lang='lat' dir='ltr'><strong>serunt</strong></span> <span class='ocrx_word' id='word_1_16' title='bbox 894 548 1015 619; x_wconf 64' lang='lat' dir='ltr'><strong>nauta,</strong></span> <span class='ocrx_word' id='word_1_17' title='bbox 1213 541 1282 626; x_wconf 75' lang='lat' dir='ltr'><strong>(etr.</strong></span> <span class='ocrx_word' id='word_1_18' title='bbox 1302 543 1353 622; x_wconf 76' lang='lat'><strong>2.)</strong></span> 
     </span>
     <span class='ocr_line' id='line_1_5' title="bbox 336 621 1147 712; baseline -0.002 -22"><span class='ocrx_word' id='word_1_19' title='bbox 336 626 386 690; x_wconf 79' lang='lat' dir='ltr'><strong>nd</strong></span> <span class='ocrx_word' id='word_1_20' title='bbox 401 621 649 712; x_wconf 82' lang='lat' dir='ltr'><strong>gubernaculum</strong></span> <span class='ocrx_word' id='word_1_21' title='bbox 664 621 785 706; x_wconf 81' lang='lat' dir='ltr'><strong>duplex</strong></span> <span class='ocrx_word' id='word_1_22' title='bbox 795 621 967 687; x_wconf 79' lang='lat' dir='ltr'><strong>consilium</strong></span> <span class='ocrx_word' id='word_1_23' title='bbox 982 637 1147 707; x_wconf 76' lang='lat' dir='ltr'><strong>pectorum</strong></span> 
     </span>
     <span class='ocr_line' id='line_1_6' title="bbox 339 709 1179 798; baseline 0.002 -22"><span class='ocrx_word' id='word_1_24' title='bbox 339 711 524 798; x_wconf 84' lang='lat' dir='ltr'><strong>Magnaque</strong></span> <span class='ocrx_word' id='word_1_25' title='bbox 539 709 708 774; x_wconf 87' lang='lat' dir='ltr'><strong>multitudo</strong></span> <span class='ocrx_word' id='word_1_26' title='bbox 723 710 951 794; x_wconf 84' lang='lat' dir='ltr'><strong>sapientiorum</strong></span> <span class='ocrx_word' id='word_1_27' title='bbox 965 710 1122 776; x_wconf 84' lang='lat' dir='ltr'><strong>infirmior</strong></span> <span class='ocrx_word' id='word_1_28' title='bbox 1135 723 1179 778; x_wconf 75' lang='lat' dir='ltr'><strong>eu</strong></span> 
     </span>
     <span class='ocr_line' id='line_1_7' title="bbox 338 796 1353 948; baseline 0.001 -85"><span class='ocrx_word' id='word_1_29' title='bbox 338 796 447 874; x_wconf 82' lang='lat' dir='ltr'><strong>Quam</strong></span> <span class='ocrx_word' id='word_1_30' title='bbox 460 817 525 946; x_wconf 70' lang='lat' dir='ltr'><strong>unq</strong></span> <span class='ocrx_word' id='word_1_31' title='bbox 544 817 630 948; x_wconf 46' lang='lat' dir='ltr'><strong>aena</strong></span> <span class='ocrx_word' id='word_1_32' title='bbox 653 796 756 860; x_wconf 84' lang='lat' dir='ltr'><strong>minue</strong></span> <span class='ocrx_word' id='word_1_33' title='bbox 779 796 912 882; x_wconf 71' lang='lat' dir='ltr'><strong>sapiens,</strong></span> <span class='ocrx_word' id='word_1_34' title='bbox 929 819 1002 882; x_wconf 84' lang='lat' dir='ltr'><strong>quoe</strong></span> <span class='ocrx_word' id='word_1_35' title='bbox 1023 819 1129 863; x_wconf 86' lang='lat' dir='ltr'><strong>rerum</strong></span> <span class='ocrx_word' id='word_1_36' title='bbox 1149 809 1353 884; x_wconf 69' lang='lat' dir='ltr'><strong>potestatem</strong></span> 
     </span>
     <span class='ocr_line' id='line_1_8' title="bbox 424 885 611 948; baseline 0 -2"><span class='ocrx_word' id='word_1_37' title='bbox 424 885 490 948; x_wconf 81' lang='lat' dir='ltr'><strong>sole</strong></span> <span class='ocrx_word' id='word_1_38' title='bbox 526 905 546 948; x_wconf 79' lang='lat' dir='ltr'><strong>a</strong></span> <span class='ocrx_word' id='word_1_39' title='bbox 587 895 611 946; x_wconf 90' lang='lat' dir='ltr'><strong>t.</strong></span> 
     </span>
     <span class='ocr_line' id='line_1_9' title="bbox 338 968 1329 1055; baseline 0.002 -19"><span class='ocrx_word' id='word_1_40' title='bbox 338 969 443 1038; x_wconf 78' lang='lat' dir='ltr'><strong>Unius</strong></span> <span class='ocrx_word' id='word_1_41' title='bbox 455 969 597 1054; x_wconf 85' lang='lat' dir='ltr'><strong>potentia</strong></span> <span class='ocrx_word' id='word_1_42' title='bbox 610 978 673 1033; x_wconf 79' lang='lat' dir='ltr'><strong>erto</strong></span> <span class='ocrx_word' id='word_1_43' title='bbox 684 968 782 1055; x_wconf 87' lang='lat' dir='ltr'><strong>inquo</strong></span> <span class='ocrx_word' id='word_1_44' title='bbox 794 971 925 1052; x_wconf 76' lang='lat' dir='ltr'><strong>priuatis</strong></span> <span class='ocrx_word' id='word_1_45' title='bbox 937 969 1061 1036; x_wconf 74' lang='lat' dir='ltr'><strong>adibus</strong></span> <span class='ocrx_word' id='word_1_46' title='bbox 1076 984 1108 1035; x_wconf 81' lang='lat' dir='ltr'><strong>et</strong></span> <span class='ocrx_word' id='word_1_47' title='bbox 1123 971 1155 1035; x_wconf 92' lang='lat' dir='ltr'><strong>in</strong></span> <span class='ocrx_word' id='word_1_48' title='bbox 1170 971 1329 1049; x_wconf 75' lang='lat' dir='ltr'><strong>urbibus,</strong></span> 
     </span>
     <span class='ocr_line' id='line_1_10' title="bbox 338 1055 1353 1140; baseline 0.004 -18"><span class='ocrx_word' id='word_1_49' title='bbox 338 1055 449 1133; x_wconf 83' lang='lat' dir='ltr'><strong>Quum</strong></span> <span class='ocrx_word' id='word_1_50' title='bbox 464 1057 510 1120; x_wconf 81' lang='lat' dir='ltr'><strong>rei</strong></span> <span class='ocrx_word' id='word_1_51' title='bbox 524 1057 597 1120; x_wconf 81' lang='lat' dir='ltr'><strong>bene</strong></span> <span class='ocrx_word' id='word_1_52' title='bbox 606 1057 745 1140; x_wconf 74' lang='lat' dir='ltr'><strong>gerenda</strong></span> <span class='ocrx_word' id='word_1_53' title='bbox 759 1055 940 1122; x_wconf 82' lang='lat' dir='ltr'><strong>facultatem</strong></span> <span class='ocrx_word' id='word_1_54' title='bbox 954 1056 1094 1122; x_wconf 72' lang='lat' dir='ltr'><strong>naocuci</strong></span> <span class='ocrx_word' id='word_1_55' title='bbox 1107 1056 1229 1124; x_wconf 81' lang='lat' dir='ltr'><strong>volunt.</strong></span> <span class='ocrx_word' id='word_1_56' title='bbox 1274 1067 1353 1126; x_wconf 72' lang='lat'><strong>480</strong></span> 
     </span>
     <span class='ocr_line' id='line_1_11' title="bbox 335 1142 1354 1230; baseline 0.004 -22"><span class='ocrx_word' id='word_1_57' title='bbox 335 1144 544 1208; x_wconf 72' lang='lat' dir='ltr'><strong>Demonstrat</strong></span> <span class='ocrx_word' id='word_1_58' title='bbox 558 1144 613 1206; x_wconf 80' lang='lat' dir='ltr'><strong>loc</strong></span> <span class='ocrx_word' id='word_1_59' title='bbox 627 1142 766 1206; x_wconf 74' lang='lat' dir='ltr'><strong>Lecoem</strong></span> <span class='ocrx_word' id='word_1_60' title='bbox 779 1142 868 1207; x_wconf 72' lang='lat' dir='ltr'><strong>ducis</strong></span> <span class='ocrx_word' id='word_1_61' title='bbox 927 1161 938 1192; x_wconf 82' lang='lat'><strong><em>¹</em></strong></span> <span class='ocrx_word' id='word_1_62' title='bbox 1196 1150 1281 1230; x_wconf 75' lang='lat' dir='ltr'><strong>(out.</strong></span> <span class='ocrx_word' id='word_1_63' title='bbox 1299 1149 1354 1228; x_wconf 76' lang='lat'><strong>2.)</strong></span> 
     </span>
     <span class='ocr_line' id='line_1_12' title="bbox 335 1228 1244 1317; baseline -0.002 -21"><span class='ocrx_word' id='word_1_64' title='bbox 335 1228 476 1296; x_wconf 83' lang='lat' dir='ltr'><strong>Menelai</strong></span> <span class='ocrx_word' id='word_1_65' title='bbox 481 1229 579 1308; x_wconf 78' lang='lat' dir='ltr'><strong>filia.-</strong></span> <span class='ocrx_word' id='word_1_66' title='bbox 602 1249 738 1314; x_wconf 85' lang='lat' dir='ltr'><strong>namque</strong></span> <span class='ocrx_word' id='word_1_67' title='bbox 751 1251 809 1314; x_wconf 85' lang='lat' dir='ltr'><strong>per</strong></span> <span class='ocrx_word' id='word_1_68' title='bbox 823 1229 930 1317; x_wconf 85' lang='lat' dir='ltr'><strong>ignem</strong></span> <span class='ocrx_word' id='word_1_69' title='bbox 945 1231 1034 1294; x_wconf 86' lang='lat' dir='ltr'><strong>venit&#39;</strong></span> <span class='ocrx_word' id='word_1_70' title='bbox 1044 1231 1134 1296; x_wconf 84' lang='lat' dir='ltr'><strong>alteri</strong></span> <span class='ocrx_word' id='word_1_71' title='bbox 1149 1228 1244 1310; x_wconf 83' lang='lat' dir='ltr'><strong>lecto,</strong></span> 
     </span>
     <span class='ocr_line' id='line_1_13' title="bbox 337 1314 996 1399; baseline 0 -19"><span class='ocrx_word' id='word_1_72' title='bbox 337 1315 381 1380; x_wconf 88' lang='lat' dir='ltr'><strong>Et</strong></span> <span class='ocrx_word' id='word_1_73' title='bbox 395 1314 546 1380; x_wconf 88' lang='lat' dir='ltr'><strong>interficit</strong></span> <span class='ocrx_word' id='word_1_74' title='bbox 557 1315 701 1378; x_wconf 82' lang='lat' dir='ltr'><strong>miseram</strong></span> <span class='ocrx_word' id='word_1_75' title='bbox 713 1314 851 1399; x_wconf 87' lang='lat' dir='ltr'><strong>puellam</strong></span> <span class='ocrx_word' id='word_1_76' title='bbox 869 1317 996 1381; x_wconf 83' lang='lat' dir='ltr'><strong>Iliacam</strong></span> 
     </span>
     <span class='ocr_line' id='line_1_14' title="bbox 338 1401 1032 1487; baseline -0.001 -20"><span class='ocrx_word' id='word_1_77' title='bbox 338 1402 383 1467; x_wconf 85' lang='lat' dir='ltr'><strong>Et</strong></span> <span class='ocrx_word' id='word_1_78' title='bbox 395 1423 530 1486; x_wconf 88' lang='lat' dir='ltr'><strong>puerum</strong></span> <span class='ocrx_word' id='word_1_79' title='bbox 544 1415 674 1487; x_wconf 89' lang='lat' dir='ltr'><strong>propter</strong></span> <span class='ocrx_word' id='word_1_80' title='bbox 688 1401 816 1466; x_wconf 86' lang='lat' dir='ltr'><strong>stultam</strong></span> <span class='ocrx_word' id='word_1_81' title='bbox 830 1402 1032 1468; x_wconf 85' lang='lat' dir='ltr'><strong>discordiam.</strong></span> 
     </span>
     <span class='ocr_line' id='line_1_15' title="bbox 340 1487 1355 1577; baseline 0.003 -23"><span class='ocrx_word' id='word_1_82' title='bbox 340 1487 897 1577; x_wconf 53' lang='lat' dir='ltr'><strong>Crederestimpiminjuetanngratu:</strong></span> <span class='ocrx_word' id='word_1_83' title='bbox 917 1488 1355 1570; x_wconf 79' lang='lat' dir='ltr'><strong>adhuctibi,0veneraorlu‚</strong></span> 
     </span>
     <span class='ocr_line' id='line_1_16' title="bbox 336 1574 995 1659; baseline 0 -19"><span class='ocrx_word' id='word_1_84' title='bbox 336 1574 491 1640; x_wconf 80' lang='lat' dir='ltr'><strong>Adveniet</strong></span> <span class='ocrx_word' id='word_1_85' title='bbox 507 1575 695 1659; x_wconf 87' lang='lat' dir='ltr'><strong>poenitentia</strong></span> <span class='ocrx_word' id='word_1_86' title='bbox 709 1574 823 1638; x_wconf 88' lang='lat' dir='ltr'><strong>horum</strong></span> <span class='ocrx_word' id='word_1_87' title='bbox 839 1574 995 1642; x_wconf 86' lang='lat' dir='ltr'><strong>factorum</strong></span> 
     </span>
     <span class='ocr_line' id='line_1_17' title="bbox 338 1659 840 1748; baseline -0.004 -20"><span class='ocrx_word' id='word_1_88' title='bbox 338 1661 438 1748; x_wconf 81' lang='lat' dir='ltr'><strong>Atqui</strong></span> <span class='ocrx_word' id='word_1_89' title='bbox 453 1661 547 1725; x_wconf 84' lang='lat' dir='ltr'><strong>video</strong></span> <span class='ocrx_word' id='word_1_90' title='bbox 561 1659 622 1726; x_wconf 90' lang='lat' dir='ltr'><strong>hoo</strong></span> <span class='ocrx_word' id='word_1_91' title='bbox 636 1662 840 1746; x_wconf 89' lang='lat' dir='ltr'><strong>conjunctum</strong></span> 
     </span>
     <span class='ocr_line' id='line_1_18' title="bbox 341 1747 648 1822; baseline 0 -10"><span class='ocrx_word' id='word_1_92' title='bbox 341 1748 404 1812; x_wconf 86' lang='lat' dir='ltr'><strong>Par</strong></span> <span class='ocrx_word' id='word_1_93' title='bbox 419 1747 648 1822; x_wconf 77' lang='lat' dir='ltr'><strong>antedonem,</strong></span> 
     </span>
     <span class='ocr_line' id='line_1_19' title="bbox 339 1833 915 1920; baseline 0.002 -20"><span class='ocrx_word' id='word_1_94' title='bbox 339 1834 502 1900; x_wconf 77' lang='lat' dir='ltr'><strong>Sententia</strong></span> <span class='ocrx_word' id='word_1_95' title='bbox 517 1833 643 1920; x_wconf 82' lang='lat' dir='ltr'><strong>capituli</strong></span> <span class='ocrx_word' id='word_1_96' title='bbox 658 1833 915 1902; x_wconf 78' lang='lat' dir='ltr'><strong>condemnatum.</strong></span> 
     </span>
     <span class='ocr_line' id='line_1_20' title="bbox 338 1920 969 2006; baseline -0.002 -20"><span class='ocrx_word' id='word_1_97' title='bbox 338 1921 370 1986; x_wconf 93' lang='grc' dir='ltr'><strong>Ο</strong></span> <span class='ocrx_word' id='word_1_98' title='bbox 387 1923 498 1986; x_wconf 74' lang='lat' dir='ltr'><strong>misera</strong></span> <span class='ocrx_word' id='word_1_99' title='bbox 514 1921 637 1996; x_wconf 87' lang='lat' dir='ltr'><strong>mulier,</strong></span> <span class='ocrx_word' id='word_1_100' title='bbox 652 1933 684 1985; x_wconf 87' lang='lat' dir='ltr'><strong>et</strong></span> <span class='ocrx_word' id='word_1_101' title='bbox 698 1935 734 1984; x_wconf 86' lang='lat' dir='ltr'><strong>tn</strong></span> <span class='ocrx_word' id='word_1_102' title='bbox 748 1920 865 1998; x_wconf 83' lang='lat' dir='ltr'><strong>infelix,</strong></span> <span class='ocrx_word' id='word_1_103' title='bbox 880 1944 969 2006; x_wconf 82' lang='lat' dir='ltr'><strong>puer,</strong></span> 
     </span>
     <span class='ocr_line' id='line_1_21' title="bbox 339 2006 1017 2091; baseline 0.003 -20"><span class='ocrx_word' id='word_1_104' title='bbox 339 2006 406 2084; x_wconf 91' lang='lat' dir='ltr'><strong>Qui</strong></span> <span class='ocrx_word' id='word_1_105' title='bbox 423 2008 553 2072; x_wconf 88' lang='lat' dir='ltr'><strong>moreris</strong></span> <span class='ocrx_word' id='word_1_106' title='bbox 566 2017 697 2091; x_wconf 83' lang='lat' dir='ltr'><strong>propter</strong></span> <span class='ocrx_word' id='word_1_107' title='bbox 712 2007 886 2072; x_wconf 77' lang='lat' dir='ltr'><strong>thalmnum</strong></span> <span class='ocrx_word' id='word_1_108' title='bbox 901 2009 1017 2084; x_wconf 86' lang='lat' dir='ltr'><strong>matris,</strong></span> 
     </span>
     <span class='ocr_line' id='line_1_22' title="bbox 338 2093 838 2179; baseline -0.002 -20"><span class='ocrx_word' id='word_1_109' title='bbox 338 2093 439 2159; x_wconf 83' lang='lat' dir='ltr'><strong>Nullo</strong></span> <span class='ocrx_word' id='word_1_110' title='bbox 453 2093 549 2157; x_wconf 89' lang='lat' dir='ltr'><strong>modo</strong></span> <span class='ocrx_word' id='word_1_111' title='bbox 561 2093 659 2176; x_wconf 74' lang='lat' dir='ltr'><strong>culpo</strong></span> <span class='ocrx_word' id='word_1_112' title='bbox 671 2095 838 2179; x_wconf 82' lang='lat' dir='ltr'><strong>particeps,</strong></span> 
     </span>
     <span class='ocr_line' id='line_1_23' title="bbox 340 2179 983 2267; baseline 0.003 -23"><span class='ocrx_word' id='word_1_113' title='bbox 340 2181 452 2267; x_wconf 86' lang='lat' dir='ltr'><strong>Neque</strong></span> <span class='ocrx_word' id='word_1_114' title='bbox 464 2179 651 2246; x_wconf 81' lang='lat' dir='ltr'><strong>criminosus</strong></span> <span class='ocrx_word' id='word_1_115' title='bbox 665 2181 805 2245; x_wconf 77' lang='lat' dir='ltr'><strong>existens</strong></span> <span class='ocrx_word' id='word_1_116' title='bbox 821 2181 983 2246; x_wconf 81' lang='lat' dir='ltr'><strong>Dominis.</strong></span> 
     </span>
     <span class='ocr_line' id='line_1_24' title="bbox 253 2266 767 2352; baseline -0.004 -18"><span class='ocrx_word' id='word_1_117' title='bbox 253 2285 333 2334; x_wconf 78' lang='lat' dir='ltr'><strong>nnn.</strong></span> <span class='ocrx_word' id='word_1_118' title='bbox 345 2266 428 2330; x_wconf 89' lang='lat' dir='ltr'><strong>Ecce</strong></span> <span class='ocrx_word' id='word_1_119' title='bbox 442 2289 513 2352; x_wconf 85' lang='lat' dir='ltr'><strong>ego,</strong></span> <span class='ocrx_word' id='word_1_120' title='bbox 529 2287 641 2330; x_wconf 81' lang='lat' dir='ltr'><strong>manue</strong></span> <span class='ocrx_word' id='word_1_121' title='bbox 655 2287 767 2332; x_wconf 84' lang='lat' dir='ltr'><strong>cruen-</strong></span> 
     </span>
     <span class='ocr_line' id='line_1_25' title="bbox 338 2351 688 2440; baseline -0.006 -22"><span class='ocrx_word' id='word_1_122' title='bbox 338 2363 386 2418; x_wconf 75' lang='lat' dir='ltr'><strong>tas</strong></span> <span class='ocrx_word' id='word_1_123' title='bbox 400 2351 518 2438; x_wconf 79' lang='lat' dir='ltr'><strong>laqueis</strong></span> <span class='ocrx_word' id='word_1_124' title='bbox 532 2351 688 2440; x_wconf 73' lang='lat' dir='ltr'><strong>colligate,</strong></span> 
     </span>
     <span class='ocr_line' id='line_1_26' title="bbox 340 2437 652 2506; baseline -0.013 0"><span class='ocrx_word' id='word_1_125' title='bbox 340 2437 457 2506; x_wconf 85' lang='lat' dir='ltr'><strong>Mittor</strong></span> <span class='ocrx_word' id='word_1_126' title='bbox 471 2439 530 2502; x_wconf 84' lang='lat' dir='ltr'><strong>sub</strong></span> <span class='ocrx_word' id='word_1_127' title='bbox 545 2452 652 2502; x_wconf 80' lang='lat' dir='ltr'><strong>terrae.</strong></span> 
     </span>
     <span class='ocr_line' id='line_1_27' title="bbox 256 2525 892 2612; baseline -0.003 -20"><span class='ocrx_word' id='word_1_128' title='bbox 256 2525 458 2603; x_wconf 77' lang='lat' dir='ltr'><strong>mon.Mater‚</strong></span> <span class='ocrx_word' id='word_1_129' title='bbox 475 2539 583 2602; x_wconf 80' lang='lat' dir='ltr'><strong>muter,</strong></span> <span class='ocrx_word' id='word_1_130' title='bbox 599 2548 659 2612; x_wconf 84' lang='lat' dir='ltr'><strong>ego</strong></span> <span class='ocrx_word' id='word_1_131' title='bbox 675 2545 750 2590; x_wconf 84' lang='lat' dir='ltr'><strong>vero</strong></span> <span class='ocrx_word' id='word_1_132' title='bbox 764 2527 823 2592; x_wconf 86' lang='lat' dir='ltr'><strong>sub</strong></span> <span class='ocrx_word' id='word_1_133' title='bbox 838 2541 892 2592; x_wconf 90' lang='lat' dir='ltr'><strong>tua</strong></span> 
     </span>
     <span class='ocr_line' id='line_1_28' title="bbox 341 2610 681 2678; baseline -0.003 0"><span class='ocrx_word' id='word_1_134' title='bbox 341 2612 401 2678; x_wconf 74' lang='lat' dir='ltr'><strong>Ata</strong></span> <span class='ocrx_word' id='word_1_135' title='bbox 413 2610 508 2677; x_wconf 81' lang='lat' dir='ltr'><strong>simul</strong></span> <span class='ocrx_word' id='word_1_136' title='bbox 522 2611 681 2678; x_wconf 83' lang='lat' dir='ltr'><strong>demittor.</strong></span> 
     </span>
     <span class='ocr_line' id='line_1_29' title="bbox 252 2699 843 2783; baseline 0 -19"><span class='ocrx_word' id='word_1_137' title='bbox 252 2721 331 2764; x_wconf 79' lang='lat' dir='ltr'><strong>ruo.</strong></span> <span class='ocrx_word' id='word_1_138' title='bbox 343 2699 385 2764; x_wconf 86' lang='lat' dir='ltr'><strong>Et</strong></span> <span class='ocrx_word' id='word_1_139' title='bbox 397 2699 523 2764; x_wconf 84' lang='lat' dir='ltr'><strong>victima</strong></span> <span class='ocrx_word' id='word_1_140' title='bbox 537 2700 686 2783; x_wconf 84' lang='lat' dir='ltr'><strong>peritura,</strong></span> <span class='ocrx_word' id='word_1_141' title='bbox 703 2699 734 2762; x_wconf 95' lang='grc' dir='ltr'>Ο</span> <span class='ocrx_word' id='word_1_142' title='bbox 750 2713 843 2764; x_wconf 79' lang='lat' dir='ltr'><strong>terrm</strong></span> 
     </span>
     <span class='ocr_line' id='line_1_30' title="bbox 342 2783 957 2872; baseline -0.003 -21"><span class='ocrx_word' id='word_1_143' title='bbox 342 2785 469 2852; x_wconf 70' lang='lat' dir='ltr'><strong>Phthia</strong></span> <span class='ocrx_word' id='word_1_144' title='bbox 483 2785 640 2870; x_wconf 83' lang='lat' dir='ltr'><strong>principes</strong></span> <span class='ocrx_word' id='word_1_145' title='bbox 653 2783 660 2850; x_wconf 94' lang='grc' dir='ltr'>Ι</span> <span class='ocrx_word' id='word_1_146' title='bbox 705 2803 790 2850; x_wconf 78' lang='lat' dir='ltr'><strong>aron.</strong></span> <span class='ocrx_word' id='word_1_147' title='bbox 812 2787 845 2850; x_wconf 86' lang='lat'>0</span> <span class='ocrx_word' id='word_1_148' title='bbox 859 2801 957 2872; x_wconf 83' lang='lat' dir='ltr'><strong>pater,</strong></span> 
     </span>
     <span class='ocr_line' id='line_1_31' title="bbox 341 2871 770 2937; baseline 0 -1"><span class='ocrx_word' id='word_1_149' title='bbox 341 2871 373 2937; x_wconf 96' lang='lat' dir='ltr'>O</span> <span class='ocrx_word' id='word_1_150' title='bbox 386 2873 457 2936; x_wconf 87' lang='lat' dir='ltr'><strong>veni</strong></span> <span class='ocrx_word' id='word_1_151' title='bbox 472 2873 640 2937; x_wconf 80' lang='lat' dir='ltr'><strong>auxillator</strong></span> <span class='ocrx_word' id='word_1_152' title='bbox 653 2873 770 2936; x_wconf 82' lang='lat' dir='ltr'><strong>amicis.</strong></span> 
     </span>
     <span class='ocr_line' id='line_1_32' title="bbox 255 2957 845 3044; baseline 0 -20"><span class='ocrx_word' id='word_1_153' title='bbox 255 2957 467 3024; x_wconf 77' lang='lat' dir='ltr'><strong>nnmJuoebia</strong></span> <span class='ocrx_word' id='word_1_154' title='bbox 475 2960 553 3044; x_wconf 88' lang='lat' dir='ltr'><strong>jam,</strong></span> <span class='ocrx_word' id='word_1_155' title='bbox 570 2958 602 3024; x_wconf 94' lang='grc' dir='ltr'><strong>Ο</strong></span> <span class='ocrx_word' id='word_1_156' title='bbox 615 2958 672 3037; x_wconf 85' lang='lat' dir='ltr'><strong>fili,</strong></span> <span class='ocrx_word' id='word_1_157' title='bbox 690 2957 845 3037; x_wconf 86' lang='lat' dir='ltr'><strong>Ocharc,</strong></span> 
     </span>
     <span class='ocr_line' id='line_1_33' title="bbox 341 3045 751 3112; baseline 0.002 -3"><span class='ocrx_word' id='word_1_158' title='bbox 341 3045 436 3109; x_wconf 88' lang='lat' dir='ltr'><strong>Circa</strong></span> <span class='ocrx_word' id='word_1_159' title='bbox 450 3046 549 3109; x_wconf 88' lang='lat' dir='ltr'><strong>ubera</strong></span> <span class='ocrx_word' id='word_1_160' title='bbox 563 3059 626 3110; x_wconf 83' lang='lat' dir='ltr'><strong>tuae</strong></span> <span class='ocrx_word' id='word_1_161' title='bbox 640 3047 751 3112; x_wconf 81' lang='lat' dir='ltr'><strong>metria</strong></span> 
     </span>
     <span class='ocr_line' id='line_1_34' title="bbox 341 3129 946 3197; baseline 0 -1"><span class='ocrx_word' id='word_1_162' title='bbox 341 3129 491 3196; x_wconf 86' lang='lat' dir='ltr'><strong>Mortuus</strong></span> <span class='ocrx_word' id='word_1_163' title='bbox 505 3131 564 3196; x_wconf 82' lang='lat' dir='ltr'><strong>sub</strong></span> <span class='ocrx_word' id='word_1_164' title='bbox 578 3145 663 3196; x_wconf 86' lang='lat' dir='ltr'><strong>terra</strong></span> <span class='ocrx_word' id='word_1_165' title='bbox 677 3145 708 3196; x_wconf 88' lang='lat' dir='ltr'><strong>et</strong></span> <span class='ocrx_word' id='word_1_166' title='bbox 722 3155 794 3197; x_wconf 90' lang='lat' dir='ltr'><strong>cum</strong></span> <span class='ocrx_word' id='word_1_167' title='bbox 812 3143 946 3196; x_wconf 84' lang='lat' dir='ltr'><strong>mortua.</strong></span> 
     </span>
     <span class='ocr_line' id='line_1_35' title="bbox 254 3215 945 3303; baseline -0.003 -21"><span class='ocrx_word' id='word_1_168' title='bbox 254 3217 410 3282; x_wconf 61' lang='lat' dir='ltr'><strong>roocrHei</strong></span> <span class='ocrx_word' id='word_1_169' title='bbox 426 3216 504 3280; x_wconf 86' lang='lat' dir='ltr'><strong>milri</strong></span> <span class='ocrx_word' id='word_1_170' title='bbox 518 3215 616 3281; x_wconf 86' lang='lat' dir='ltr'><strong>mihil</strong></span> <span class='ocrx_word' id='word_1_171' title='bbox 641 3217 718 3303; x_wconf 89' lang='lat' dir='ltr'><strong>quid</strong></span> <span class='ocrx_word' id='word_1_172' title='bbox 734 3220 837 3302; x_wconf 84' lang='lat' dir='ltr'><strong>patiar·</strong></span> <span class='ocrx_word' id='word_1_173' title='bbox 852 3219 945 3282; x_wconf 80' lang='lat' dir='ltr'><strong>mirer</strong></span> 
     </span>
     <span class='ocr_line' id='line_1_36' title="bbox 341 3304 781 3392; baseline 0.002 -25"><span class='ocrx_word' id='word_1_174' title='bbox 341 3304 434 3368; x_wconf 87' lang='lat' dir='ltr'><strong>Certe</strong></span> <span class='ocrx_word' id='word_1_175' title='bbox 448 3325 518 3392; x_wconf 82' lang='lat' dir='ltr'><strong>ego,</strong></span> <span class='ocrx_word' id='word_1_176' title='bbox 535 3317 643 3390; x_wconf 85' lang='lat' dir='ltr'><strong>tuque,</strong></span> <span class='ocrx_word' id='word_1_177' title='bbox 660 3319 760 3369; x_wconf 87' lang='lat' dir='ltr'><strong>mater</strong></span> <span class='ocrx_word' id='word_1_178' title='bbox 773 3304 781 3369; x_wconf 95' lang='grc' dir='ltr'>Ι</span> 
     </span>
     <span class='ocr_line' id='line_1_37' title="bbox 254 3389 993 3457; baseline 0 -3"><span class='ocrx_word' id='word_1_179' title='bbox 254 3389 395 3456; x_wconf 64' lang='lat' dir='ltr'><strong>inculte</strong></span> <span class='ocrx_word' id='word_1_180' title='bbox 410 3389 469 3454; x_wconf 88' lang='lat' dir='ltr'><strong>sub</strong></span> <span class='ocrx_word' id='word_1_181' title='bbox 484 3404 617 3455; x_wconf 86' lang='lat' dir='ltr'><strong>terram:</strong></span> <span class='ocrx_word' id='word_1_182' title='bbox 641 3392 758 3457; x_wconf 85' lang='lat' dir='ltr'><strong>etenim</strong></span> <span class='ocrx_word' id='word_1_183' title='bbox 772 3392 814 3456; x_wconf 87' lang='lat' dir='ltr'><strong>ab</strong></span> <span class='ocrx_word' id='word_1_184' title='bbox 827 3390 993 3456; x_wconf 77' lang='lat' dir='ltr'><strong>hostilibus</strong></span> 
     </span>
     <span class='ocr_line' id='line_1_38' title="bbox 297 3476 1009 3542; baseline -0.001 0"><span class='ocrx_word' id='word_1_185' title='bbox 297 3513 300 3525; x_wconf 93' lang='lat'>·</span> <span class='ocrx_word' id='word_1_186' title='bbox 339 3477 462 3542; x_wconf 87' lang='lat' dir='ltr'><strong>Venitia</strong></span> <span class='ocrx_word' id='word_1_187' title='bbox 477 3477 636 3542; x_wconf 75' lang='lat' dir='ltr'><strong>turribus:</strong></span> <span class='ocrx_word' id='word_1_188' title='bbox 659 3477 725 3542; x_wconf 91' lang='lat' dir='ltr'><strong>duo</strong></span> <span class='ocrx_word' id='word_1_189' title='bbox 741 3499 816 3542; x_wconf 87' lang='lat' dir='ltr'><strong>vero</strong></span> <span class='ocrx_word' id='word_1_190' title='bbox 830 3476 1009 3542; x_wconf 85' lang='lat' dir='ltr'><strong>moriemini</strong></span> 
     </span>
     <span class='ocr_line' id='line_1_39' title="bbox 341 3562 991 3640; baseline -0.005 -11"><span class='ocrx_word' id='word_1_191' title='bbox 341 3562 394 3629; x_wconf 91' lang='lat' dir='ltr'><strong>Ob</strong></span> <span class='ocrx_word' id='word_1_192' title='bbox 410 3563 489 3628; x_wconf 84' lang='lat' dir='ltr'><strong>duaa</strong></span> <span class='ocrx_word' id='word_1_193' title='bbox 503 3565 716 3640; x_wconf 71' lang='lat' dir='ltr'><strong>necersitatesr</strong></span> <span class='ocrx_word' id='word_1_194' title='bbox 739 3579 769 3628; x_wconf 90' lang='lat' dir='ltr'><strong>te</strong></span> <span class='ocrx_word' id='word_1_195' title='bbox 784 3566 868 3630; x_wconf 91' lang='lat' dir='ltr'><strong>enim</strong></span> <span class='ocrx_word' id='word_1_196' title='bbox 884 3575 991 3628; x_wconf 80' lang='lat' dir='ltr'><strong>noster</strong></span> 
     </span>
     <span class='ocr_line' id='line_1_40' title="bbox 341 3649 1069 3735; baseline -0.001 -19"><span class='ocrx_word' id='word_1_197' title='bbox 341 3649 490 3716; x_wconf 82' lang='lat' dir='ltr'><strong>Calculus</strong></span> <span class='ocrx_word' id='word_1_198' title='bbox 504 3649 663 3727; x_wconf 77' lang='lat' dir='ltr'><strong>interficit,</strong></span> <span class='ocrx_word' id='word_1_199' title='bbox 679 3673 812 3735; x_wconf 88' lang='lat' dir='ltr'><strong>puerum</strong></span> <span class='ocrx_word' id='word_1_200' title='bbox 828 3671 903 3715; x_wconf 84' lang='lat' dir='ltr'><strong>vero</strong></span> <span class='ocrx_word' id='word_1_201' title='bbox 916 3673 989 3715; x_wconf 82' lang='lat' dir='ltr'><strong>rnen</strong></span> <span class='ocrx_word' id='word_1_202' title='bbox 1002 3649 1069 3716; x_wconf 80' lang='lat' dir='ltr'><strong>lilia</strong></span> 
     </span>
     <span class='ocr_line' id='line_1_41' title="bbox 339 3736 992 3806; baseline 0.002 -4"><span class='ocrx_word' id='word_1_203' title='bbox 339 3738 437 3802; x_wconf 82' lang='lat' dir='ltr'><strong>Istum</strong></span> <span class='ocrx_word' id='word_1_204' title='bbox 456 3736 651 3802; x_wconf 88' lang='lat' dir='ltr'><strong>Hermione:</strong></span> <span class='ocrx_word' id='word_1_205' title='bbox 671 3739 787 3802; x_wconf 85' lang='lat' dir='ltr'><strong>etenim</strong></span> <span class='ocrx_word' id='word_1_206' title='bbox 801 3749 847 3806; x_wconf 81' lang='lat' dir='ltr'><strong>ert</strong></span> <span class='ocrx_word' id='word_1_207' title='bbox 857 3737 992 3803; x_wconf 79' lang='lat' dir='ltr'><strong>stultitia</strong></span> 
     </span>
     <span class='ocr_line' id='line_1_42' title="bbox 340 3822 937 3912; baseline 0 -24"><span class='ocrx_word' id='word_1_208' title='bbox 340 3823 463 3912; x_wconf 80' lang='lat' dir='ltr'><strong>Magna</strong></span> <span class='ocrx_word' id='word_1_209' title='bbox 477 3822 655 3909; x_wconf 85' lang='lat' dir='ltr'><strong>relinquere</strong></span> <span class='ocrx_word' id='word_1_210' title='bbox 669 3822 774 3888; x_wconf 78' lang='lat' dir='ltr'><strong>hortea</strong></span> <span class='ocrx_word' id='word_1_211' title='bbox 788 3824 937 3900; x_wconf 78' lang='lat' dir='ltr'><strong>hostium,</strong></span> 
     </span>
     <span class='ocr_line' id='line_1_43' title="bbox 340 3909 750 3976; baseline 0.002 -2"><span class='ocrx_word' id='word_1_212' title='bbox 340 3909 423 3974; x_wconf 86' lang='lat' dir='ltr'><strong>Cum</strong></span> <span class='ocrx_word' id='word_1_213' title='bbox 437 3909 530 3974; x_wconf 84' lang='lat' dir='ltr'><strong>liceat</strong></span> <span class='ocrx_word' id='word_1_214' title='bbox 543 3931 593 3974; x_wconf 79' lang='lat' dir='ltr'><strong>eor</strong></span> <span class='ocrx_word' id='word_1_215' title='bbox 606 3911 750 3976; x_wconf 86' lang='lat' dir='ltr'><strong>occidere</strong></span> 
     </span>
     <span class='ocr_line' id='line_1_44' title="bbox 341 3993 907 4063; baseline 0.004 -3"><span class='ocrx_word' id='word_1_216' title='bbox 341 3993 385 4060; x_wconf 86' lang='lat' dir='ltr'><strong>Et</strong></span> <span class='ocrx_word' id='word_1_217' title='bbox 399 3993 521 4061; x_wconf 84' lang='lat' dir='ltr'><strong>auferre</strong></span> <span class='ocrx_word' id='word_1_218' title='bbox 535 3996 632 4063; x_wconf 88' lang='lat' dir='ltr'><strong>domo</strong></span> <span class='ocrx_word' id='word_1_219' title='bbox 646 4009 809 4062; x_wconf 85' lang='lat' dir='ltr'><strong>terrorem.</strong></span> <span class='ocrx_word' id='word_1_220' title='bbox 903 4034 907 4043; x_wconf 92' lang='lat'>·</span> 
     </span>
     <span class='ocr_line' id='line_1_45' title="bbox 253 4081 1359 4170; baseline 0.005 -24"><span class='ocrx_word' id='word_1_221' title='bbox 253 4081 373 4148; x_wconf 61' lang='grc' dir='ltr'><strong>ΜΟ</strong></span> <span class='ocrx_word' id='word_1_222' title='bbox 388 4083 512 4159; x_wconf 86' lang='lat' dir='ltr'><strong>marito,</strong></span> <span class='ocrx_word' id='word_1_223' title='bbox 526 4084 648 4162; x_wconf 80' lang='lat' dir='ltr'><strong>merite,</strong></span> <span class='ocrx_word' id='word_1_224' title='bbox 664 4085 786 4148; x_wconf 87' lang='lat' dir='ltr'><strong>utinam</strong></span> <span class='ocrx_word' id='word_1_225' title='bbox 800 4099 887 4149; x_wconf 80' lang='lat' dir='ltr'><strong>tuam</strong></span> <span class='ocrx_word' id='word_1_226' title='bbox 1207 4089 1289 4168; x_wconf 81' lang='lat' dir='ltr'><strong>(unt.</strong></span> <span class='ocrx_word' id='word_1_227' title='bbox 1306 4095 1359 4170; x_wconf 82' lang='grc'><strong>8.)</strong></span> 
     </span>
    </p>
   </div>
   <div class='ocr_carea' id='block_1_4' title="bbox 340 4167 902 4398">
    <p class='ocr_par' dir='ltr' id='par_1_4' title="bbox 340 4167 902 4398">
     <span class='ocr_line' id='line_1_46' title="bbox 340 4167 902 4237; baseline 0 -3"><span class='ocrx_word' id='word_1_228' title='bbox 340 4167 476 4234; x_wconf 83' lang='lat' dir='ltr'><strong>Manum</strong></span> <span class='ocrx_word' id='word_1_229' title='bbox 492 4183 524 4233; x_wconf 87' lang='lat' dir='ltr'><strong>ot</strong></span> <span class='ocrx_word' id='word_1_230' title='bbox 539 4170 659 4234; x_wconf 73' lang='lat' dir='ltr'><strong>linctum</strong></span> <span class='ocrx_word' id='word_1_231' title='bbox 675 4171 902 4237; x_wconf 79' lang='lat' dir='ltr'><strong>auxiliatricem</strong></span> 
     </span>
     <span class='ocr_line' id='line_1_47' title="bbox 340 4253 734 4333; baseline 0 -13"><span class='ocrx_word' id='word_1_232' title='bbox 340 4253 515 4333; x_wconf 85' lang='lat' dir='ltr'><strong>Hobcrem,</strong></span> <span class='ocrx_word' id='word_1_233' title='bbox 530 4255 576 4321; x_wconf 83' lang='lat' dir='ltr'><strong>lili</strong></span> <span class='ocrx_word' id='word_1_234' title='bbox 593 4256 713 4320; x_wconf 84' lang='lat' dir='ltr'><strong>Priami</strong></span> <span class='ocrx_word' id='word_1_235' title='bbox 727 4255 734 4320; x_wconf 91' lang='lat' dir='ltr'><strong>l</strong></span> 
     </span>
     <span class='ocr_line' id='line_1_48' title="bbox 455 4357 469 4398; baseline 0 0"><span class='ocrx_word' id='word_1_236' title='bbox 455 4357 469 4398; x_wconf 76' lang='lat' dir='ltr'><strong>r</strong></span> 
     </span>
    </p>
   </div>
   <div class='ocr_carea' id='block_1_5' title="bbox 0 0 1435 4866">
    <p class='ocr_par' dir='ltr' id='par_1_5' title="bbox 0 0 1435 4866">
     <span class='ocr_line' id='line_1_49' title="bbox 0 0 1435 4866; baseline 0 0"><span class='ocrx_word' id='word_1_237' title='bbox 0 0 1435 4866; x_wconf 95' lang='lat' dir='ltr'><strong> </strong></span> 
     </span>
    </p>
   </div>
  </div>
 </body>
</html>
