2888 4856
275 248 339 306 652

647 233 972 302 EURIPIDIS

361 413 418 480 Est
429 427 532 477 autem
546 407 660 476 Martis
671 409 800 498 quidam
815 411 966 491 tu'm'ulus,
982 407 1037 478 ubi
1075 413 1191 480 rimum
1208 413 1361 485 Dii‘raso

361 498 580 566 consederunt
593 497 634 562 ad
649 496 800 600 suffragia
814 499 856 564 de
870 433 1171 587 sauguinejlleudo,

362 583 619 652 Halirrhothium
634 606 732 685 quum
746 584 902 650 interfecit
915 586 1051 652 crudelis
1066 585 1168 666 Mars,

361 673 407 738 Ob
421 671 498 734 iram
513 680 635 752 propter
649 670 745 756 impia
758 669 833 736 filioe
846 671 1016 757 sponsalia,

363 759 480 824 Filium
495 756 628 840 Nepttuti
641 757 724 842 regis
738 757 849 822 maria:
873 757 930 822 ubi
943 758 1172 824 sanctissimum

359 845 522 912 Judicium
536 855 568 907 et
581 841 708 908 firmum
719 851 766 910 ost
780 843 821 908 a'u
834 843 892 909 illo
907 853 1036 926 tempore
1049 845 1133 925 Diis,

361 931 428 996 Hic
439 942 471 994 te
485 951 611 1016 quoque
624 943 747 1014 oportet
760 931 1007 1017 moirejuelioium
1022 931 1063 995 de
1077 934 1173 997 oede.

362 1017 455 1083 Paria
474 1036 549 1080 vero
564 1029 595 1080 te
605 1019 775 1080 servabunt
788 1037 830 1080 ue
839 1016 961 1103 judicio
971 1017 1124 1095 moriaris,

361 1101 519 1190 Suffragia
533 1123 554 1165 o
558 1100 713 1188 judicibus
725 1101 805 1166 lata:
832 1101 971 1183 Phoebus
985 1105 1068 1168 euim
1082 1104 1208 1190 culpam
1402 1169 1403 1172 ,

361 1189 400 1256 Iu
415 1212 448 1254 se
461 1191 564 1339 iesum
580 1185 754 1268 transferet,
769 1188 824 1274 qui
840 1190 947 1254 matris
960 1200 1018 1255 tua
1031 1189 1151 1254 caedem
1163 1189 1290 1256 oraculo
1302 1213 1354 1254 suo

445 1276 469 1339 ti
493 1274 503 1336 i
518 1273 660 1337 suaserit.
1087 1327 1090 1336 ,

364 1359 405 1425 Et
419 1359 546 1446 reliquis
560 1358 629 1423 baeo
643 1359 696 1424 lex
710 1359 836 1438 feretur,
1273 1370 1351 1428 1260

362 1445 409 1513 Ut
423 1467 495 1510 reus
508 1445 636 1531 paribus
650 1469 665 1509 s
770 1447 805 1510 'is
819 1467 941 1529 semper
956 1447 1069 1512 vineat.

220 1529 223 1538 '
361 1533 411 1596 Ac
424 1532 503 1596 dirae
517 1531 646 1619 quitlem
661 1531 740 1596 Deae
776 1553 815 1596 oo
828 1532 938 1597 dolore
951 1535 1115 1618 perculsas,

361 1619 487 1703 Rupem
501 1619 541 1682 ad
558 1619 658 1704 ipsam
672 1619 822 1683 subibunt
835 1618 955 1686 hiatum
970 1633 1074 1698 terrae,
1181 1673 1184 1688 .

361 1703 584 1770 venerandum
599 1705 783 1769 mortalibus
797 1704 857 1788 piis
873 1705 1046 1772 oraculum.

361 1791 411 1854 Te
425 1813 500 1855 vero
514 1789 555 1854 ad
570 1789 687 1876 Alphei
699 1791 817 1856 fluenta
830 1813 850 1854 o
895 1791 989 1856 rtebit
1004 1792 1166 1857 Arcadum
1181 1805 1289 1856 terram

362 1876 519 1942 Habitare
532 1897 632 1962 prope
646 1876 799 1963 Lycaeum
814 1876 854 1942 de
867 1880 1001 1942 ubrum:

360 1964 414 2030 De
428 1977 484 2028 tuo
498 1984 572 2028 vero
586 1962 715 2026 nomine
729 1963 1004 2048 vocabitur'regio.
1209 2003 1212 2008 -
1402 2015 1403 2048 ,

361 2049 437 2115 Tibi
453 2048 579 2134 quidem
595 2050 664 2114 haec
678 2048 762 2113 dixi:
787 2048 927 2138 AEgisthi
943 2071 1017 2114 vero
1030 2049 1168 2115 cadaver
1182 2049 1240 2114 hoo
1402 2049 1403 2118 l

359 2135 470 2223 Argivi
484 2136 566 2200 cives
580 2148 672 2199 terrae
685 2135 853 2221 sepulchro
919 2149 984 2201 eut.
1402 2132 1403 2217 l

362 2221 501 2287 Matrem
516 2243 590 2284 vero
604 2233 689 2286 tuom
705 2223 801 2286 modo
816 2151 986 2307 Νιΐιῇἰιιιιι
1000 2221 1162 2306 appellens
1274 2229 1343 2290 1270
1402 2269 1403 2324 ,

363 2306 539 2384 Menelaus,
556 2329 597 2371 ex
611 2330 675 2392 quo
689 2306 864 2374 Tro'anum
879 2309 962 2394 oepit
976 2329 1098 2395 ugrum,

363 2393 406 2458 Et
422 2389 547 2458 Helena
560 2392 730 2478 sepelient:
753 2331 864 2461 l²rotei
878 2395 961 2459 enim
977 2415 1018 2458 ex
1032 2393 1156 2459 oedibus
1169 2395 1224 2459 illo

361 2479 468 2544 Rediit
482 2477 588 2543 relicta
602 2477 758 2565 AEgypto,
773 2501 832 2576 uec
846 2481 901 2545 ivit
915 2483 958 2544 ud
974 2477 1128 2630 theu.

363 2563 426 2632 sed
440 2564 576 2651 Jupiter,
592 2579 626 2630 ut
641 2563 679 2630 lis
693 2577 726 2630 et
738 2565 841 2630 oaedea
856 2567 944 2632 fieret
958 2587 1011 2630 mo
1075 2569 1151 2648 ’um‚
1193 2621 1197 2632 .
1402 2573 1403 2589 ¹

363 2649 597 2718 Simulaohrum
613 2651 750 2716 Heleuae
764 2653 849 2717 misit
862 2651 903 2718 ad
917 2652 1025 2718 Ilium.

363 2736 498 2824 Pylades
511 2735 610 2825 igitur
622 2736 714 2802 laetus
727 2753 760 2802 et
773 2740 939 2840 oonjugem
954 2737 1083 2816 habeus,
1402 2757 1403 2784 t

360 2822 1018 2901 Iquhaioaeterraedomummtroduoat,
1402 2819 1403 2912 l

363 2907 406 2974 Et
426 2909 530 3059 velrbis
552 2908 707 2996 tituloque
728 2925 818 2976 tuum
839 2909 963 2976 affinem
986 2913 1110 2992 [sororis
1123 2913 1283 2990 Motitm]
1296 2907 1340 2972 de·

470 3007 542 3061 ucat

363 3080 572 3147 Phooeuaium
590 3082 622 3146 in
636 3095 761 3162 terram,
777 3097 810 3148 et
822 3084 876 3149 det
889 3085 958 3149 ouri
975 3083 1107 3168 pondus.

361 3168 414 3234 Tu
429 3189 503 3233 vero
519 3168 661 3234 Isthmiae
674 3182 768 3235 terrae
782 3172 933 3236 cervicem
948 3171 1029 3255 pule
1042 3171 1229 3258 ingrediens,
1271 3175 1341 3234 19⁸0
1402 3186 1403 3252 ι

362 3254 465 3340 Perge
478 3253 520 3319 ad
534 3257 725 3320 fortunatam
742 3255 906 3342 Cecropia
920 3257 1061 3322 domum.
1402 3253 1403 3268 l

1402 3127 1403 3182 l

363 3341 502 3406 Fatalem
518 3341 602 3404 euim
616 3363 769 3432 oerumpae
783 3356 900 3407 sortem
916 3365 990 3408 oum
1005 3342 1190 3429 expleveris,

363 3425 454 3491 Felix
468 3426 528 3491 eris
542 3427 591 3492 his
605 3428 753 3493 liberatus
767 3429 937 3494 laboribus.

148 3533 151 3540 ·
276 3534 353 3581 ouo.
363 3514 396 3579 Ο
411 3513 467 3576 lilii
481 3513 579 3589 Jovis,
593 3525 674 3579 estne
687 3513 732 3578 fas
746 3517 785 3580 ad
800 3515 955 3602 colloquia

361 3599 475 3664 Vestra
488 3599 579 3664 nobis
592 3599 764 3666 accedere?

181 3673 184 3682 ¹
235 3751 238 3754 .
276 3685 424 3752 oamFas
438 3696 491 3763 est,
506 3707 579 3750 oum
592 3709 656 3751 non
671 3687 739 3751 sitis
754 3687 943 3753 execrabiles
958 3687 1000 3754 ob
1014 3685 1071 3752 has
1084 3689 1194 3754 oaedes

192 3785 196 3794 “
275 3791 351 3837 oua.
362 3771 405 3836 Et
420 3771 497 3836 milri
511 3773 661 3838 sermonis
675 3775 768 3858 copia
781 3795 926 3840 oonoessa
938 3789 994 3853 est,
1010 3772 1043 3841 Ο
1058 3771 1268 3863 Tyndarida?

276 3857 410 3924 uau.Et
423 3858 499 3924 tibi:
523 3857 606 3923 hauc
619 3861 695 3924 euim
711 3858 834 3925 Phoebo
848 3862 985 3926 tribuam

258 3979 261 3986 .
360 3945 524 4024 Actionem
539 3958 712 4012 cruentam.

275 4051 351 4096 ιἰιο.
362 4029 545 4109 Quomodo,
560 4055 633 4096 cum
649 4033 715 4096 sitis
730 4031 800 4114 Dii,
815 4031 970 4119 hujusque
983 4031 1104 4111 fratrea,

361 4115 533 4195 Extinctae,

363 4199 437 4268 Non
452 4205 608 4270 avertistis
623 4205 722 4269 clades
735 4205 777 4270 ab
791 4203 937 4270 aedibus?

274 4289 430 4354 osraFati
444 4290 609 4356 ueoessitas
625 4291 680 4356 huc
693 4313 746 4356 eos
759 4290 903 4368 duoebat,
