2862 4864
155 209 311 290 ,aaa
443 275 450 287 ,
627 147 958 266 nna11>1n1s

335 373 558 464 sagittariique
569 371 760 462 Phrygum?
807 409 809 416 v

332 459 464 548 lungite
477 483 608 526 corneos
623 483 714 526 arcus
728 460 841 527 nervis.

248 547 456 616 usc.Partim
472 546 599 632 quidem
614 548 745 612 nuncius
759 545 912 612 terribilia
924 547 1047 629 auditu,

334 634 453 699 Partim
471 655 546 698 vero
560 633 698 698 animam
713 633 814 711 addis,
829 632 908 698 nihil
923 647 1028 698 mmen
1044 633 1145 700 clarc:

334 719 397 786 Sed
415 720 554 785 Saturnii
572 719 667 784 Panis
681 719 818 785 tremulo

334 805 474 894 Flagello
488 805 626 894 agitaris,
641 818 673 872 et
686 807 825 872 excubiis
839 805 982 884 desmtis,

334 891 504 957 Perturbna
518 891 709 957 exercitum:
733 891 809 978 quid
823 888 987 977 trepidas?
1007 893 1086 994 qnid
1101 907 1132 960 te
1145 893 1249 960 dicam

333 980 417 1044 Nori
427 976 602 1044 nunciare?
620 979 721 1044 multa
732 979 1047 1061 enimcumdixerts,
1428 1019 1429 1064 ;

333 1063 423 1130 Nihil
434 1077 539 1130 tamen
551 1067 635 1130 clare
648 1065 879 1132 demonstrasti.
1291 1074 1338 1132 to
1428 1077 1429 1150 l

247 1172 325 1220 cuo.
337 1151 431 1240 ignes
444 1150 590 1216 accendit
603 1149 761 1218 exercitos
773 1151 922 1241 Argivus,
939 1141 1071 1230 Hector,
1241 1155 1336 1238 (mat.)

334 1239 397 1303 Per
411 1249 511 1302 totam
524 1252 663 1320 noctem,

335 1323 377 1390 Et
390 1325 515 1390 navium
531 1325 681 1388 stationes
695 1323 815 1390 facibus
829 1321 1012 1390 ardentibus
1022 1314 1187 1390 c‘olluceut

332 1409 377 1475 Et
391 1423 475 1475 totns
488 1411 646 1476 exercitus
658 1411 787 1476 accessit
801 1409 842 1476 ad
964 1411 1108 1476 emnonis

332 1495 587 1562 Tabernaculum
602 1511 699 1562 noctu
713 1519 786 1561 cum
797 1509 889 1561 tumn
916 1519 947 1574 u,

332 1585 460 1648 Novum
476 1583 595 1670 aliquid
609 1583 796 1648 mandatum
812 1583 972 1647 babentes.

333 1669 504 1771 Nunquam
520 1669 605 1733 enim
619 1683 712 1736 antea
725 1669 770 1736 sic
784 1669 954 1754 trepidavit

333 1755 489 1821 Nauticus
503 1755 669 1820 exercitus.

331 1842 408 1907 Tibi
421 1855 539 1920 autem,
556 1843 587 1907 id
601 1841 688 1929 qaod
701 1856 748 1907 cst
760 1839 902 1908 futurum
916 1839 1100 1920 formidans
1428 1895 1429 1956 q

332 1929 415 1994 Veni
429 1929 575 2007 nundus,
590 1951 632 1994 ne
1292 1939 1336 1996 50
1428 1971 1429 2026 q

333 2014 486 2102 Unquam
500 2014 638 2102 aliquam
653 2013 884 2080 coemtionem
899 2013 932 2078 in
947 2012 1108 2080 medicas.

247 2123 324 2166 unc.
334 2100 526 2187 Opportune
539 2101 661 2178 venisti,
671 2117 853 2188 quanquam
868 2112 1022 2166 terrorem
1032 2103 1204 2167 nandans:

331 2187 402 2252 Viri
414 2187 497 2251 enim
512 2188 565 2251 isti
579 2209 620 2252 ex
637 2185 698 2252 bac
712 2203 796 2252 terra
808 2199 969 2252 nocturno
982 2203 1083 2266 remo,

331 2273 482 2338 Intentos
497 2295 601 2338 meum
617 2273 755 2353 oculum,
769 2271 901 2361 agffl‘edi
914 2274 1022 2362 fugam

333 2361 535 2424 statuerunt:
559 2359 721 2425 blanditur
741 2370 845 2426 uatem
867 2359 945 2424 mihi
962 2375 1117 2426 nocturna
1139 2361 1265 2449 ignium
1287 2363 1336 2426 in-

324 2489 329 2494 ·
417 2467 533 2510 cenato.

331 2533 364 2597 0
380 2531 478 2608 Dans,
494 2534 548 2618 qui
563 2551 614 2596 me
625 2531 765 2597 victoriis
774 2531 939 2596 florentem
954 2531 1106 2598 fraudasti

332 2619 446 2684 Ptoeda
459 2617 595 2696 leonem,
610 2619 794 2704 priusquam
811 2618 1002 2684 Graecorum
1016 2619 1191 2685 exercitum

332 2704 491 2771 Funditus
505 2719 607 2770 totum
624 2707 682 2770 hac
695 2721 912 2770 consumerem
926 2705 1028 2772 basta.

333 2792 367 2857 Si
381 2793 465 2856 enim
482 2792 578 2857 lucidi
593 2813 658 2856 non
673 2787 886 2857 condidissent
900 2813 934 2857 se
947 2793 1024 2858 solie

307 2899 310 2904 ·
332 2878 439 2957 Rodii,
456 2897 519 2944 nou
533 2877 743 2944 cohibuissent
756 2872 879 2942 felicem
893 2895 1044 2967 pugnam,
1294 2887 1335 2946 60

331 2964 629 3130 Priusquaurlq'naves
643 2965 862 3042 incendissent,
877 2977 910 3030 at
930 2965 1134 3030 cucurrimem
1150 2980 1210 3050 per
1232 2966 1336 3032 taber·
1428 3025 1429 3038 ξ

413 3073 473 3117 nac

330 3135 527 3203 interficiens
543 3139 676 3203 Graecos
690 3137 751 3202 bac
765 3136 969 3224 sarrgninaria
983 3159 1087 3202 mano.

330 3223 403 3312 Ego
417 3223 544 3310 quidem
559 3245 645 3288 eratn
660 3239 825 3310 promptus
839 3244 984 3312 pugnare

330 3310 436 3376 Etiam
451 3325 560 3390 noctu,
575 3325 608 3375 ct
621 3311 668 3375 uti
681 3307 821 3376 secundo
835 3331 928 3376 ourau
943 3309 1097 3376 sonante:

329 3396 449 3462 Verum
464 3397 619 3482 sapientes
633 3419 685 3462 me
698 3412 730 3462 ct
744 3396 853 3461 divina
867 3397 998 3462 scientes

330 3482 427 3548 Vates
441 3497 662 3570 persuaserunt
675 3497 842 3568 expectare
856 3483 961 3548 lumea
977 3483 1053 3559 diei,

330 3569 374 3636 Et
387 3568 503 3636 duride
516 3571 674 3636 neminem
690 3569 880 3635 Graecorum
890 3572 922 3634 in
938 3585 1023 3634 terra
1038 3569 1227 3655 relinquere.

329 3657 387 3723 Isti
402 3680 475 3722 vero
489 3677 553 3721 non
570 3671 740 3742 expectant
756 3677 899 3721 meorum
914 3671 1020 3720 vatum

329 3743 488 3810 Consilia:
510 3755 608 3808 noctu
623 3743 774 3830 fugitivus
789 3741 922 3807 multum
939 3742 1032 3808 valet.
1428 3811 1429 3816 ,

327 3831 436 3900 Quare
449 3830 682 3919 quamprimum
698 3843 825 3914 oportet
839 3829 977 3894 indicare
991 3829 1152 3910 exercitui,
1297 3841 1336 3904 70
1428 3835 1429 3872 l

329 3915 378 3982 Ut
391 3933 502 4002 parata
515 3930 642 3982 sumant
655 3937 754 3992 arma,
770 3931 801 3979 ct
816 3929 1106 3994 cessentasomno,
1428 3925 1429 3950 ¹

329 4001 378 4068 Ut
391 4005 523 4090 quisque
537 4003 678 4090 ipsorum
695 4003 823 4066 bostium
840 4000 870 4065 ln
883 4021 994 4066 narem
1009 3999 1159 4078 insiliens,

327 4089 368 4152 In
383 4102 476 4176 tergo
487 4089 670 4154 minoratus
681 4086 868 4153 madefaciat
883 4089 983 4154 scalas
996 4087 1160 4176 sanguise,

329 4173 396 4239 Atii
409 4197 485 4240 vcro
499 4177 532 4240 in
547 4175 667 4262 laqueis
681 4175 777 4240 vincti
793 4186 822 4239 et
835 4177 931 4262 capti,

330 4258 494 4350 Phrygum
508 4283 605 4348 agros
615 4261 741 4330 discant
754 4283 854 4328 arare.
