2882 4858
503 259 757 328 HELENA.

70 447 144 494 uss.
156 429 223 497 Ubi
238 431 358 496 utinsm
372 431 522 516 petiisset,
539 453 603 497 non
619 445 723 498 eutem
739 432 916 500 Menelaus.

71 535 147 580 csse.
160 516 258 582 Periit
272 518 367 604 igitur
380 515 449 582 ille:
473 519 504 581 in
520 540 582 604 qus
597 541 673 602 ergo
688 520 758 583 novi
773 522 858 585 venit
873 517 983 584 hicce?

73 621 149 666 usu.
161 602 277 668 Neutae
291 625 364 668 essu
381 603 553 670 incidentes
567 617 752 688 receperunt
766 627 848 684 eum,
864 621 898 670 ut
913 604 1001 670 dicit.

71 707 149 752 suu.
162 689 228 754 Ubi
243 710 317 754 vcro
331 703 376 754 ost
391 712 479 755 noxe
492 689 555 767 illc,
570 713 642 775 quse
658 690 698 756 sd
713 691 842 776 Trojsm
857 713 918 777 pro
931 704 963 755 tc
976 690 1069 756 misse
1082 687 1154 756 esti

74 793 149 838 uss..
159 775 213 840 De
226 775 327 862 effigie
341 776 435 840 nubis
450 775 611 860 loqueris?
632 775 756 842 obiitin
772 799 885 842 serem.

71 879 149 924 cns.
159 860 193 925 Ο
209 861 335 927 Prionte
348 875 381 926 et
395 874 479 926 terso
493 861 643 947 Trojano,
658 876 694 928 ut
709 861 822 927 ltustru
837 863 966 948 periisti.
1070 869 1153 928 1220

72 965 150 1012 uss„
161 945 204 1012 Et
218 969 279 1034 ego
292 970 361 1012 sum
377 948 531 1032 particeps
545 947 729 1013 ‹selemitntis
744 949 967 1036 Trojanorum.

71 1051 149 1096 τιιιι.
161 1032 344 1118 Reliquitoe.
360 1033 504 1098 meritum
521 1032 722 1117 insepultum,
737 1055 777 1099 sn
792 1057 867 1100 vero
880 1035 960 1101 texit
974 1032 1083 1100 teres?

71 1137 147 1182 sicu.
159 1118 372 1206 lnsepultum:
397 1120 457 1184 heu
473 1139 524 1183 sne
537 1119 681 1184 miserum
697 1135 827 1206 propter
840 1143 911 1186 mes
924 1118 1024 1186 meiol

70 1223 149 1267 suc.
162 1204 311 1291 Hujusne
325 1205 370 1269 rei
383 1227 476 1270 ceusu
491 1205 614 1269 secuisti
628 1203 790 1270 cincinnos
803 1207 893 1272 flsvoe
907 1203 1034 1271 comoe?

71 1308 149 1354 essu.
159 1292 288 1356 Amicus
303 1291 384 1354 enim
401 1306 458 1370 est,
475 1290 588 1392 quibus
602 1303 658 1367 est,
674 1291 707 1355 in
722 1290 868 1357 hocloco
882 1292 1013 1378 positus.

69 1395 147 1440 unu.
159 1377 211 1442 An
227 1391 262 1442 ut
276 1396 424 1460 msgssum
440 1376 516 1464 qusd
533 1376 601 1440 haec
616 1377 776 1442 calomitns
790 1376 948 1444 defletur?

72 1481 147 1526 sset„
157 1462 282 1548 Nempe
297 1463 405 1527 lositor
419 1463 514 1527 ferres
528 1475 593 1526 tnae
609 1464 724 1527 sororis
740 1463 898 1529 mortem?

68 1567 147 1612 τιιε.
159 1551 383 1635 Nequaquam:
406 1549 567 1634 quomodo
582 1547 703 1632 igitur?
724 1571 764 1613 uo
780 1549 928 1636 deinceps
947 1549 1040 1616 etiem
1064 1549 1153 1616 hebi·

239 1634 318 1700 tsbis
332 1633 394 1698 lsoo
408 1632 606 1718 sepulchrum
621 1637 632 1698 l

71 1739 145 1784 uus„
156 1718 248 1797 Quid
272 1741 323 1786 mc
338 1720 449 1870 perbis
473 1718 673 1786 mordacibus
693 1719 828 1800 lacessis,
850 1741 909 1786 nec
928 1721 1047 1787 omittis
1068 1743 1154 1788 mor·

240 1819 329 1870 tuum

67 1911 148 1956 nus.
158 1891 212 1956 Tu
227 1893 358 1956 enimes
373 1890 438 1956 fids
452 1905 508 1958 tuo
522 1892 639 1956 merito
652 1889 774 1978 lugiens
788 1913 850 1958 me.
1069 1901 1152 1962 1280

69 1997 148 2042 uss..
159 1977 223 2044 Sed
237 1999 301 2042 non
316 1977 467 2064 emplius:
484 1981 552 2062 jsm
567 1979 574 2041 i
600 1978 662 2042 itur
677 1997 762 2042 meos
777 1979 903 2060 nuptiss
916 1977 1053 2064 posside.

67 2083 149 2128 nus.
160 2063 238 2129 Sero
252 2063 379 2149 quidem
395 2064 515 2136 venisti,
532 2001 708 2128 sedtsmen
723 2061 793 2128 haec
808 2062 914 2129 leudo.

71 2148 229 2214 nscScis
240 2150 345 2298 t{gitur
367 2149 443 2236 quid
466 2149 556 2214 velim
580 2161 611 2214 te
632 2147 758 2214 locere?
786 2150 894 2234 priore
914 2150 1064 2217 oblivioni
1091 2164 1155 2217 trs·

262 2257 362 2300 smus.

68 2341 149 2386 sne.
160 2321 236 2398 Qun
249 2321 454 2388 conditione?
476 2323 589 2388 Gratia
602 2322 685 2385 enim
700 2343 761 2406 pro
814 2322 876 2388 otio
891 2323 1004 2388 veniat.

70 2427 147 2472 uus..
161 2407 324 2472 Fecismus
338 2407 450 2486 soedus,
466 2425 497 2472 et
513 2407 724 2472 reconcilieris
738 2409 780 2472 mi
806 2409 827 2475 i.

68 2513 150 2558 sus.
164 2493 304 2558 Remitto
329 2493 574 2581 indignationem
600 2491 748 2559 adversus
778 2507 809 2559 te
837 2509 1023 2578 susceptum,
1053 2494 1156 2562 nvolet

239 2593 342 2644 cutem
358 2580 390 2644 in
407 2603 519 2646 serem.

70 2683 151 2728 uec.
161 2662 258 2730 Nunc
272 2679 303 2730 te
318 2687 375 2752 per
389 2665 459 2732 hoec
473 2689 586 2752 genus,
603 2665 731 2752 quondo
745 2687 778 2730 es
793 2666 955 2732 amicus-

68 2749 267 2826 m.Qusm
284 2771 349 2816 rem
365 2767 505 2837 csptsns,
521 2753 653 2838 supplex
667 2775 686 2816 n
701 2773 751 2815 me
765 2753 879 2838 cupide
894 2749 1000 2838 petis?

70 2857 150 2900 neu.
161 2835 245 2902 Volo
260 2840 405 2902 munitum
421 2859 524 2904 meum
541 2837 722 2902 defunctum
738 2837 879 2921 sepelire.

68 2921 319 2999 nue.Qussnons
343 2937 447 2989 sutem
471 2938 517 2989 est
540 2922 702 3010 sepulture
726 2922 926 2988 absentium?
957 2945 996 2987 sn
1024 2921 1155 3007 sepelies

241 3008 409 3074 umbram?
1073 3015 1156 3074 1240

68 3113 147 3158 usu.
160 3091 235 3158 Mos
249 3107 295 3160 est
309 3095 394 3179 spud
410 3095 553 3173 Groecos,
569 3096 624 3182 qui
640 3095 672 3158 in
689 3095 769 3158 meri
786 3108 927 3160 mortuus
942 3092 1036 3160 luerit
1046 3117 1100 3169 ;-

68 3199 149 3242 nee.
160 3178 250 3255 Quid
272 3179 398 3246 fucere?
428 3181 537 3246 Grseci
559 3179 701 3266 prolecto
721 3191 789 3246 sunt
811 3181 967 3266 sepientes
988 3180 1102 3246 talibus
1123 3181 1157 3244 in

243 3269 338 3332 rebus.

69 3371 147 3416 uss.
160 3351 301 3436 Sepelise
315 3355 419 3418 nocuis
434 3353 556 3431 tunicis,
578 3353 656 3418 bene
670 3353 774 3418 textis.

68 3457 150 3502 τιιι.
161 3437 227 3502 Fsc
239 3437 351 3505 fimus:
375 3440 673 3515 excitetumultum,
690 3439 743 3503 ubi
759 3453 913 3504 terrorum
929 3436 1076 3504 volueris.

69 3542 148 3588 ssu.
160 3521 235 3588 Non
250 3524 295 3588 sic
309 3525 477 3610 sepelimus
491 3540 602 3590 nautes
616 3525 775 3590 extinctos
788 3526 820 3589 in
834 3526 929 3610 aquis.

68 3629 150 3674 rus.
163 3609 339 3686 Quomodo
353 3610 476 3698 igitur?
497 3613 610 3698 ignoro
625 3633 728 3676 mores
743 3611 943 3676 Grsecorum.

67 3715 149 3846 lli.
161 3695 1115 3871 iul-'titulilttt‘ttltdtttttt't'tlts0l⁰“¹¹³⁸·

69 3887 148 3932 uss.
161 3867 295 3932 Nescio:
317 3871 476 3956 egoenim
492 3891 560 3934 suin
574 3869 730 3954 imperito,
745 3891 817 3934 cum
834 3870 931 3950 psius,
946 3866 1057 3932 luerim
1073 3863 1157 3930 felix.

68 3973 149 4018 τιιι.
162 3953 196 4018 Ο
211 3954 335 4040 hospes,
349 3969 475 4042 gentum
493 3954 631 4040 prolecto
646 3949 796 4019 nuncium
812 3955 953 4020 attulisti.
1075 3959 1158 4018 1250

68 4037 235 4105 usmNon
252 4039 361 4106 ssltem
376 4041 464 4118 mihi,
477 4062 579 4126 neque
594 4054 730 4106 mortno.

66 4145 149 4190 τιιε.
156 4124 333 4202 Quomodo
347 4127 485 4212 sepelitis
500 4141 639 4192 mortuos
653 4127 707 4212 qui
724 4127 755 4190 in
772 4127 850 4190 muri
866 4123 1052 4210 perierunt?

68 4210 262 4278 ›sesnProut
278 4229 352 4279 sunt
366 4214 609 4301 uniuscujusque
624 4211 795 4278 facultates.

562 4319 588 4362 ss
605 4321 634 4362 m
651 4307 671 4364 8
