2862 4864
331 231 586 304 IPHIGENIA
610 235 665 302 ΙΝΙ
682 231 874 305 AULIDE.
1079 247 1143 308 890

81 409 282 476 ur.ludiena
295 424 381 476 tuam
397 433 506 478 vooam
523 411 594 476 reni
610 409 684 492 ima,

143 495 353 564 Consternata
363 500 476 562 mirera
491 512 639 585 metuque
651 496 885 583 perterrefacta.

145 581 240 648 Venia
254 605 296 648 ne
309 585 464 650 nunciant
477 583 556 650 mibi
569 603 685 650 novam
699 584 835 671 aliquam
847 583 1068 662 calamitatem,

145 667 264 736 Praeter
277 668 490 754 presentem?
533 689 616 735 nun.
640 669 711 750 imo
726 691 803 736 varo
816 671 855 735 da
868 683 925 736 tua
936 669 1003 736 filia

147 755 225 820 Volo
239 755 298 822 tibi
314 757 395 821 mira
409 769 441 822 et
454 757 609 842 stupenda
620 755 734 822 dicere.

81 859 135 904 mr.
146 840 191 905 Ne
204 843 363 908 cuncteris
377 843 490 929 igiturt
514 841 568 908 aed
581 843 816 928 quamprimum
830 843 938 908 dicito.

81 927 242 1016 raa.Ergo,
259 927 294 994 Ο
308 927 403 994 olrara
417 929 556 1006 domina,
570 927 680 992 audiea
692 928 984 994 omnia-manifeate.

146 1013 254 1079 Dioam
270 1029 375 1080 autem
390 1013 503 1080 ordine
516 1015 557 1080 ab
571 1014 672 1090 initio,
688 1013 748 1079 niai
762 1013 839 1101 quid
855 1015 943 1101 iapaa
957 1035 1027 1080 mea

147 1093 235 1166 Mens
251 1100 389 1166 turbarit
401 1101 542 1189 linguam
557 1101 591 1165 in
601 1099 705 1165 verbia
718 1121 832 1166 meam.

147 1185 314 1274 Postquam
329 1187 413 1252 enim
428 1189 569 1252 renimua
583 1185 622 1250 ad
638 1183 713 1250 filiae
726 1185 815 1251 Joria
1056 1189 1140 1252 teau

146 1271 258 1338 Diana·
272 1293 384 1338 nemun
397 1287 431 1338 et
442 1287 534 1358 prata
547 1271 670 1352 florida,

148 1357 207 1424 Ubi
221 1371 292 1424 erat
305 1372 405 1424 coetua
418 1359 577 1424 exercitus
588 1357 788 1435 cumeorum,

147 1442 304 1510 Ducentos
318 1457 403 1510 tuam
419 1443 528 1521 liliam,
543 1445 646 1510 atatim
662 1444 757 1509 turba
771 1445 958 1511 Graeomm

146 1529 420 1619 congregabatur:
445 1543 480 1596 ut
494 1551 570 1596 raro
584 1551 641 1594 rex
658 1534 878 1618 Agamemnon
894 1529 973 1595 vidit

147 1615 284 1682 Puellam
298 1631 425 1683 euntem
440 1619 478 1682 ad
494 1616 612 1682 caedem
627 1618 660 1680 in
674 1637 796 1693 namna,

147 1701 309 1788 Ingemuit,
325 1717 358 1769 et
371 1715 456 1770 retro
470 1717 594 1768 vertena
607 1716 704 1788 caput

147 1787 256 1854 Emiait
270 1789 456 1876 lachrymas,
472 1789 570 1855 oculia
584 1803 701 1854 reatem
716 1807 892 1874 opponens.

147 1873 200 1939 illa
214 1889 319 1942 autem
335 1897 436 1962 prope
448 1891 571 1962 patrem
584 1895 657 1940 aum
672 1874 817 1952 atetiaaet,

145 1959 234 2026 Talia
248 1963 345 2028 dixit:
369 1959 402 2027 Ο
414 1976 517 2048 pater,
531 1959 642 2026 adsum
657 1961 725 2037 tibi,

148 2045 254 2113 Meum
266 2069 342 2114 raro
357 2067 473 2134 corpur
484 2069 546 2134 pro
561 2069 631 2113 mea
644 2047 746 2133 patria

147 2131 186 2196 Et
197 2155 257 2220 pro
271 2147 339 2200 tota
350 2135 488 2200 Groecira
503 2150 587 2198 terra

145 2217 252 2285 Trado
266 2219 374 2286 volent
389 2235 425 2285 ot
439 2223 582 2284 mactetis
595 2219 636 2286 ad
652 2239 738 2284 aram
755 2217 837 2283 Deae

144 2303 301 2372 Dnoentea
315 2329 370 2384 ne,
385 2305 540 2392 siquidem
554 2305 617 2370 hoa
630 2305 775 2394 poatuiat·
782 2301 956 2368 oraculum.

145 2389 183 2456 Et
196 2392 283 2480 quod
297 2391 338 2458 ad
353 2415 405 2458 me
419 2394 540 2470 attinet,
553 2393 621 2457 aitia
635 2390 795 2468 fortunati,
811 2403 844 2454 et
857 2409 1012 2475 prospero

144 2475 250 2544 Marte
263 2479 408 2555 utamini,
422 2493 454 2543 et
468 2479 602 2545 redeatis
617 2479 650 2542 in
664 2478 810 2562 patriam.

143 2561 357 2640 Quamobrem
373 2585 413 2630 aa
426 2566 497 2653 quia
512 2565 701 2630 Graecorum
717 2585 767 2627 me
783 2576 902 2650 tangat.

141 2650 288 2732 (Silentia
301 2651 386 2716 enim
402 2651 553 2736 praebebo
566 2651 717 2716 eervioem
732 2649 897 2724 animate.)

142 2733 279 2804 Tantum
295 2737 391 2802 dixit:
414 2759 524 2802 omnes
537 2752 642 2802 autem
654 2738 708 2824 qui
722 2735 919 2810 audiverunt,
934 2731 1127 2815 obstupuere

243 2823 398 2888 itudinem
413 2825 511 2888 animi
524 2837 556 2888 et
571 2823 718 2888 virtatem
736 2821 764 2884 vi
806 2821 874 2884 'nia
901 2880 910 2898 „
1030 2837 1037 2850 ·

140 2909 195 2973 'i'al
232 2907 766 2996 ybiuaantematanainmedimui
804 2927 843 2970 oo
857 2917 926 2970 erat
940 2923 1036 2978 curre,
1056 2911 1138 2970 1540

143 2993 155 3058 l
230 2997 312 3062 ravit
325 2995 442 3060 bonam
458 2997 693 3072 ominationem,
709 3008 741 3058 et
754 2993 912 3057 silentium
927 2989 1086 3056 exercitui.

140 3081 183 3146 Ca
235 3105 270 3148 aa
283 3103 361 3146 vero
375 3083 507 3146 raterio
523 3103 653 3146 aureum
668 3079 838 3144 caniatmm

144 3165 249 3234 Posuit
263 3183 391 3234 acutum
407 3167 559 3258 gladium,
575 3187 670 3232 manu
685 3189 782 3254 quum
798 3163 886 3251 priua
899 3175 1083 3229 extraxerat

141 3255 206 3318 Sub
219 3254 315 3319 moiia
329 3253 426 3330 misia,
441 3267 474 3318 et
488 3255 652 3318 ooronarit
665 3265 760 3340 oaput
773 3249 898 3338 puelle.

142 3341 197 3404 Sed
216 3340 358 3406 Achillea
372 3341 490 3406 circum
506 3361 593 3405 aram
611 3339 693 3406 Dee

141 3427 280 3514 Aooepto
292 3427 432 3492 canistro
445 3439 477 3491 et
491 3425 586 3491 aimul
600 3447 682 3511 aqua
696 3424 847 3490 cucurrit.

140 3511 369 3666 [lixit'autemt
392 3515 423 3578 Ο
438 3513 556 3591 Diana,
572 3531 644 3599 quae
662 3513 798 3578 letarum
820 3508 907 3574 erade
928 3505 1057 3596 gaudee,
1073 3503 1138 3570 iilia

241 3621 321 3678 orn,

138 3685 274 3772 Agitana
288 3688 408 3752 clarum
425 3686 531 3750 lumen
546 3699 654 3762 noctu,

140 3769 258 3856 lieeipe
274 3771 357 3838 hana
371 3773 540 3850 victimam,
556 3793 651 3858 quam
668 3771 724 3834 tibi
741 3769 896 3834 donamur

139 3855 177 3922 Et
191 3859 386 3924 Graeoorum
401 3859 567 3936 exercitus,
583 3872 616 3923 et
630 3855 723 3921 simul
741 3875 796 3919 rex
812 3857 1044 3952 Agamemnon,
1057 3859 1140 3918 1650

138 3941 346 4032 lrnpoilutunr
363 3947 546 4028 sanguinem
562 3943 698 4008 cervices
714 3939 856 4028 pulabrar
870 3937 1010 4024 virginia,

137 4027 176 4094 Et
190 4033 332 4098 conoede
346 4031 447 4110 nobis,
466 4044 501 4096 ut
515 4043 584 4096 tuto
597 4029 752 4116 poaaimua
766 4027 924 4114 navigare,

134 4115 305 4204 Troiaeque
319 4139 408 4182 arcas
422 4117 520 4182 annia
533 4135 729 4204 expugnare.
820 4156 826 4167 ·

137 4201 175 4266 Fa
188 4203 350 4269 exercitus
364 4215 396 4268 et
411 4201 537 4268 Atridae
551 4215 703 4268 ateterunt
718 4201 875 4264 intuentes
888 4211 1023 4262 terram:

135 4291 292 4356 Saoerdoa
307 4311 382 4355 reru
397 4302 544 4376 oorrepto
558 4287 665 4374 gladio
679 4299 823 4374 precatus
838 4299 894 4362 eat,

570 4393 588 4438 r
607 4383 627 4440 0
727 4383 735 4400 ’
