2784 4864
274 205 318 269 ω
636 184 966 255 noorrmrs

361 365 427 443 Tu,
442 361 475 428 Ο
489 360 667 445 senex,‘qni
679 357 816 447 genuisti
830 357 946 426 malam
956 357 1063 442 lidum,

360 451 406 519 Es
419 447 497 526 milri
512 445 628 512 exitio:
650 466 724 513 narn
738 456 868 531 propter
880 447 945 532 ejus
959 446 1123 526 malitiam,

365 539 461 603 Patre
475 533 612 610 orbatus,
627 530 727 606 iactus
741 553 809 599 aum
824 531 1001 598 matricida.

298 685 302 696 ,
364 623 472 702 Vides,
485 619 608 704 Ulyssia
622 620 787 706 conjugem
802 639 866 684 nou
880 617 1038 684 interfecit

364 706 593 775 Telemachus:
616 727 680 770 non
695 704 779 768 enim
794 703 1011 790 superinduxit
1027 705 1140 774 marito
1153 708 1327 788 marinam,
1384 727 1385 730 ’

362 796 425 863 Sed
440 805 544 860 mana
557 788 643 858 domi
656 790 855 876 impollutum
870 791 1061 878 con'ugium.
1097 859 1103 868 ,
1303 807 1374 864 seo

319 927 322 934 ,
362 881 460 949 Vides
475 878 666 963 Apollinem.
703 879 735 942 ui
750 875 855 942 sedem
871 813 975 942 media
989 877 1115 944 interro
1385 902 1386 940 r

363 966 557 1041 luhabitaus,
572 964 683 1032 tribuit
719 962 875 1028 ominibus
888 963 1060 1030 certissima
1069 965 1208 1045 oracula,

365 1054 428 1119 Cui
442 1073 588 1138 pacemus
602 1053 635 1116 in
650 1049 808 1126 omnibus,
822 1070 894 1136 quea
903 1051 1004 1136 jubet.

365 1139 456 1205 Huic
470 1159 583 1226 parcns
596 1134 736 1204 interfeci
745 1147 887 1206 matrem.

364 1225 485 1292 Ducite
498 1224 587 1290 illurn
602 1222 769 1310 pollutum,
784 1235 816 1286 et
829 1220 1014 1289 interficite:

364 1312 424 1380 Ille
437 1313 587 1397 peccavit,
601 1330 667 1376 non
681 1332 758 1397 ego:
781 1307 857 1392 quid
871 1307 1038 1393 oportebat
1050 1329 1102 1376 me
1114 1307 1242 1378 secere?

363 1400 417 1464 An
432 1419 497 1467 non
512 1395 625 1462 sufficit
637 1395 737 1472 Deus,
751 1393 828 1461 mihi
843 1393 1015 1464 conferenti
1029 1417 1155 1462 causam
1170 1397 1205 1464 in
1216 1421 1296 1466 eum

364 1485 420 1550 Ad
433 1484 557 1570 culpam
573 1477 775 1553 solvendam?
796 1503 860 1566 quo
873 1481 999 1548 tandem
1013 1479 1112 1570 fugiat
1125 1481 1251 1570 aliquia,

366 1571 403 1637 Si
416 1592 480 1634 non
494 1582 586 1635 autor
599 1569 711 1634 liberat
721 1589 781 1645 me,
797 1588 838 1632 ue
852 1565 1031 1634 interficiar.

366 1655 429 1722 Sed
443 1678 508 1720 nou
521 1655 617 1731 dicas,
631 1653 717 1742 quod
732 1652 801 1718 haec
814 1675 878 1718 noo
893 1653 956 1718 sint
969 1652 1156 1731 rectricem,
1301 1667 1373 1726 590

366 1741 430 1808 Sed
444 1741 529 1827 quod
542 1741 643 1816 nobis,
658 1741 713 1826 qui
727 1738 796 1806 haec
810 1739 947 1816 fecimus,
959 1737 1122 1806 infeliciter
1135 1739 1315 1824 aialsccto.

367 1828 525 1917 Conjugia
538 1827 651 1914 quibus
665 1825 843 1890 mortalium
858 1825 932 1894 sunt
948 1824 1058 1904 leticia,

363 1915 434 1982 Illis
447 1929 494 1980 eat
506 1914 597 1982 beata
611 1914 692 1978 rita:
715 1912 827 1999 quibus
849 1923 953 1980 autem
966 1933 1031 1978 nou
1044 1925 1130 1980 recte
1143 1913 1276 1993 cedunt,

368 2001 398 2067 Ii
412 2013 486 2065 sunt
498 2000 603 2065 miseri
617 1999 703 2064 intus
712 2013 743 2064 et
753 1997 838 2062 foris.

282 2107 358 2152 csso.
369 2085 520 2153 Mulieres
530 2105 653 2172 semper
666 2083 891 2166 impedimento
904 2082 1037 2150 fortunis

368 2175 450 2240 Sunt
459 2173 599 2237 virorum
613 2169 654 2236 ad
668 2168 891 2236 infelicitatem.

279 2278 357 2324 πη.
367 2257 632 2345 Quandoquidem
644 2279 678 2322 es
690 2255 834 2335 ferocior,
848 2269 879 2324 et
894 2277 957 2322 non
971 2255 1056 2325 cedis
1067 2258 1220 2335 oratione,

367 2345 412 2410 Et
425 2344 476 2410 sic'
485 2343 655 2430 respondes
670 2343 758 2420 milui,
775 2357 809 2410 ut
824 2342 902 2410 milri
916 2341 1054 2410 dolorem
1068 2342 1201 2422 adfers,

367 2430 472 2532 Magis
484 2453 535 2496 me
548 2430 696 2496 incendes
709 2428 879 2516 procedere
891 2429 931 2496 ed
946 2442 1033 2497 tuam
1047 2451 1176 2498 necem:

369 2517 495 2583 Faciam
511 2517 572 2582 hoc
586 2515 753 2602 pulchrum
766 2515 1015 2582 additamentum
1029 2538 1172 2584 meorum
1186 2516 1355 2596 laborum,

368 2602 515 2679 Quorum
527 2625 621 2670 causa
634 2603 705 2667 veui
718 2614 888 2668 ornaturus
901 2601 1102 2688 sepulchrum
1112 2603 1197 2672 filie.
1302 2615 1367 2674 601

369 2690 452 2754 Nam
467 2689 594 2754 veniens
607 2688 649 2754 sd
662 2701 866 2754 convocatam
880 2685 1114 2756 multitudinem
1128 2690 1347 2778 Argivorum,

369 2775 545 2841 concitabo
559 2775 669 2844 urbem
685 2774 850 2852 scientem,
866 2796 924 2842 nec
937 2773 1080 2854 invitam,
1311 2779 1317 2786 '

369 2861 409 2926 ln
423 2875 455 2926 te
468 2873 500 2928 et
514 2874 600 2928 tuam
614 2883 764 2940 sororem,
778 2873 814 2928 ut
827 2861 907 2928 detis
919 2860 1060 2946 lapidato
1074 2883 1219 2948 precam

370 2947 413 3012 Et
425 2947 480 3012 illa
492 2949 592 3036 magis
606 2960 653 3014 est
665 2947 763 3036 digna
777 2948 879 3034 perire
892 2969 987 3035 quam
1004 2961 1051 3028 tu,

368 3032 452 3110 Quoe
465 3034 598 3100 irritavit
612 3049 643 3099 te
656 3034 806 3100 adversm
819 3047 962 3109 matrem,
979 3055 1100 3121 semper
1113 3035 1147 3100 in
1161 3055 1274 3100 aurem

369 3118 502 3187 Mittens
515 3141 673 3186 sermones
685 3121 720 3186 iu
733 3121 870 3207 pejorem
884 3133 1018 3206 partem,

369 3204 533 3272 Nunciaus
547 3208 670 3274 somnia
679 3207 720 3272 de
734 3208 985 3296 Agamemnone,

368 3289 413 3358 Et
427 3291 499 3370 hcc,
513 3294 597 3394 quod
612 3293 738 3360 oderint
750 3293 952 3364 concubitum
967 3289 1107 3379 AEgistlri

367 3376 427 3442 Dii
440 3378 548 3444 infers:
614 3379 711 3466 uippe
725 3381 758 3444 in
773 3380 834 3445 hoc
848 3381 950 3464 posita
963 3391 1031 3444 erat
1044 3377 1090 3444 rei
1102 3377 1258 3446 acerbitas
1267 3404 1329 3444 r·-

367 3461 483 3528 Donec'
496 3403 636 3532 incendit
649 3467 779 3532 domum
792 3466 866 3555 igne
879 3487 945 3531 nou
960 3464 1125 3530 Vulcacio.
1301 3479 1369 3538 611

369 3547 526 3628 Menelae,
542 3551 598 3618 tibi
612 3551 674 3618 hoc
686 3553 770 3631 dico,
785 3567 818 3619 et
830 3567 984 3638 preterea
995 3549 1107 3618 faciam
1120 3550 1232 3616 etiam:

239 3671 245 3696 .
369 3635 405 3700 Si
418 3657 509 3701 curas
523 3658 623 3704 meam
638 3638 836 3706 inimicitiam
849 3653 881 3704 et
894 3637 1087 3716 affinitatem,

368 3719 442 3786 Non
456 3722 593 3808 depellas
607 3725 660 3790 isti
674 3747 783 3792 necem
796 3741 907 3792 conus
919 3725 1013 3790 deos:

368 3807 433 3872 Sed
447 3809 514 3874 siue
527 3831 546 3872 a
558 3809 679 3878 civibus
692 3811 827 3878 interfici
839 3812 934 3890 saxis,

367 3894 437 3958 Aut
450 3915 514 3960 non
529 3895 635 3961 venias
648 3897 783 3983 amplius
796 3899 829 3963 in
846 3899 1033 3984 speramur
1049 3909 1174 3962 terrem.

302 4047 313 4068 ι
368 3977 453 4044 Haec
468 3981 646 4048 memineris
661 3995 692 4049 te
706 3983 875 4050 audivisse:
898 4005 1001 4070 neque
1015 3983 1128 4068 impios

370 4061 463 4153 Elige
475 4069 604 4148 amicos,
620 4069 790 4154 repudians
804 4071 885 4154 pios.

366 4149 442 4228 vos,
456 4155 601 4232 ministri,
615 4155 723 4222 ducite
738 4179 790 4224 mc
803 4158 844 4223 ab
858 4158 919 4222 ista
932 4155 1041 4221 domo.

279 4255 355 4305 ona.
366 4235 467 4316 Vade,
485 4252 519 4306 ut
532 4263 664 4328 sequeus
677 4243 780 4310 oratio
794 4241 963 4330 tranquille
976 4241 1068 4308 uobis
1305 4255 1378 4314 620
