2862 4864
359 215 612 282 IPHIGENIA
636 217 687 283 IN
710 217 901 287 AULlDE.
1102 227 1165 292 297

165 394 354 461 Dimisimus
368 393 472 470 hasce,
491 405 526 457 ut
540 407 667 482 gustent
681 395 797 459 cibum.

166 481 237 570 Ego
252 503 329 545 sero
342 501 519 566 praecursor
532 492 663 566 propter
677 493 766 546 tuum
781 495 968 568 apparatum

166 567 287 644 Veoi03
310 567 465 632 exercitus
479 568 562 630 enim
579 568 633 632 isac
646 567 775 646 audivit,
814 569 865 633 uia
879 569 972 634 velox

168 654 312 720 Pervasit
324 653 420 736 ἐρωηι
435 651 526 730 bms,
542 653 663 718 venisse
676 667 763 718 tuam
778 591 886 720 liliam.

167 739 281 806 Omnis
296 740 394 826 igitur
409 738 501 804 turba
515 761 608 804 cursu
622 740 707 804 venit
720 738 761 804 sd
778 739 999 826 spectaculum,

169 825 214 892 Ut
227 825 334 891 rideat
349 839 436 890 tuam
450 823 565 890 liliam:
587 824 738 890 fortunati
754 847 827 892 vero
840 827 897 892 oiri

167 911 254 978 luter
267 933 378 976 omnes
391 909 533 976 homines
546 921 614 976 nasu
627 911 747 999 inclyti,
763 925 794 977 st
808 913 978 998 conspicui.
1099 919 1164 980 420

167 997 290 1064 Dicunt
304 1011 425 1062 autem:
447 1011 535 1063 estne
548 996 662 1083 sliquis
672 996 867 1084 hymeneus,
879 1012 934 1064 sut
948 999 1024 1086 quid
1038 997 1165 1088 agitari

169 1085 219 1150 An
233 1083 399 1164 desiderio,
406 1081 534 1148 affectus
548 1103 597 1148 res
611 1086 828 1166 Agamemnon
843 1083 918 1149 filisa

158 1169 300 1236 cursor
314 1169 428 1234 adduci
441 1167 536 1234 eam?
556 1169 597 1233 ab
611 1169 679 1234 aliis
693 1191 768 1236 vero
781 1171 851 1236 hoec
865 1171 1008 1237 audires:

167 1255 282 1322 Dim
298 1255 426 1320 initiant
440 1254 715 1332 adolescentulam,

238 1343 303 1406 inre
319 1341 453 1412 Aulidis.
498 1340 653 1418 Quisnam
669 1363 738 1406 eam
753 1341 872 1408 duest?

166 1429 553 1599 ωοῗέὲῖεῗῗέἷῗί
569 1430 817 1580 tt‘tttit‘
832 1429 992 1494 emim·

547 1558 556 1590 i
796 1559 806 1592 ἲ

168 1602 298 1687 Appara
312 1600 450 1684 nuptias,
465 1611 496 1664 et
512 1601 543 1664 in
558 1599 654 1665 domo

168 1687 264 1752 Son«
278 1686 359 1750 tibia
372 1699 403 1751 at
416 1685 535 1751 sonitus
550 1686 590 1750 sit
601 1685 737 1772 pedum:

170 1771 263 1838 Venit
277 1774 363 1836 eninr
377 1771 430 1836 bic
444 1771 509 1836 dies
523 1769 598 1836 felix
611 1770 735 1858 puellae.
1100 1781 1164 1841 480

96 1875 161 1920 sss,
172 1858 300 1924 Laudo:
323 1857 376 1922 sed
393 1857 471 1922 vade
486 1859 568 1923 iutra
583 1858 683 1922 sedes:

169 1945 304 2032 Reliqua
317 1945 411 2020 enim,
426 1943 550 2008 fatente
563 1942 689 2010 fortuna
704 1942 834 2008 fient.—

170 2031 232 2096 llei
249 2031 339 2105 mibi,
354 2029 432 2116 quid
446 2028 548 2094 dicam
565 2027 682 2095 mber?
702 2051 837 2130 quanam
854 2050 922 2095 ere
937 2029 1112 2116 incipiam?

171 2117 205 2182 ln
220 2119 317 2204 quale
333 2115 489 2181 surculum
504 2115 694 2181 necessitatis
708 2113 892 2180 incidimus!
973 2131 976 2136 '

168 2205 344 2268 Autesertit
358 2223 405 2266 sne
419 2201 569 2280 Fortuna,
585 2217 621 2268 ut
636 2200 755 2268 technis

169 2287 251 2354 Meis
266 2289 362 2377 longe
373 2287 413 2353 sit
428 2287 567 2352 astutior.

272 2373 357 2440 ilites
370 2393 445 2440 sero
480 2387 611 2440 uantum
627 2372 722 2439 babet
736 2371 896 2439 utilitatis!

169 2375 295 2526 mlo
311 2459 384 2524 licet
397 2397 562 2526 iltislscite
575 2459 775 2546 lachrymari,

170 2547 210 2612 Et
222 2547 331 2612 dicere
345 2545 510 2631 quoslibet3
534 2545 692 2611 nobilibus
708 2566 781 2610 sero
795 2567 911 2634 genere

168 2633 287 2699 Omnia
301 2631 372 2698 brec
386 2631 532 2710 molesta3
554 2632 795 2720 gubernatorem
811 2631 940 2719 quidem
955 2633 1027 2697 vitre
1100 2639 1164 2696 440

171 2717 338 2784 Habemus
353 2717 516 2804 populum,
533 2733 564 2783 et
578 2718 729 2782 servimus
743 2717 839 2802 plebi.

171 2803 238 2894 Ego
251 2806 337 2870 enirn
353 2825 463 2870 vereor
476 2803 622 2892 equidem
637 2803 780 2868 emittere
793 2801 980 2890 lachrymas,

171 2891 292 2958 Rarum
307 2912 381 2955 vero
395 2889 493 2976 pudet
507 2911 558 2954 me
571 2889 722 2954 miserum
736 2909 801 2952 non
817 2887 1015 2976 lachrymari,

171 2977 206 3042 ln
221 2977 381 3042 maximas
394 2975 587 3042 calamitates
601 2975 774 3060 delapsum.

172 3061 257 3140 Esto,
273 3063 352 3150 quid
365 3061 469 3128 dicam
484 3062 524 3128 od
539 3081 640 3127 meam
656 3062 843 3149 conjugem?

170 3147 344 3226 Quomodo
358 3149 509 3234 excipiam
523 3145 616 3213 eam?
636 3169 715 3235 quos
729 3145 837 3212 oculos
852 3147 883 3211 in
897 3167 965 3210 eam
978 3145 1167 3233 conjiciam?

171 3235 295 3302 Etenim
312 3255 363 3299 me
371 3234 511 3320 perdidit
523 3243 640 3321 prseter
648 3232 740 3312 mala,
752 3255 824 3320 quas
835 3232 913 3297 mibi
927 3234 1016 3319 prius
1026 3233 1166 3310 aderant,

168 3321 308 3386 Versiens
322 3341 388 3384 non
403 3335 533 3385 vocata:
556 3321 624 3385 'ure
637 3331 740 3384 autem
756 3333 862 3384 secuta
876 3332 923 3384 est

170 3407 281 3472 liliam
298 3407 424 3492 nuptias
438 3405 499 3492 sius
559 3406 716 3482 ebratura,
732 3419 764 3470 et
783 3403 996 3471 charissimam

170 3492 305 3570 Datum,
320 3493 599 3558 ubinosinveniet
612 3489 810 3578 perfidiosos.
1101 3497 1165 3556 450

171 3577 267 3644 Hsnc
281 3599 358 3644 sero
372 3579 514 3643 miseram
529 3576 801 3666 virginem-quid
814 3577 969 3664 virginem
985 3579 1090 3641 noso?

172 3663 277 3740 Pluto,
292 3677 329 3730 ut
342 3665 466 3750 opinor,
481 3685 549 3729 eam
563 3665 651 3729 brari
665 3665 805 3730 ducet-

172 3749 220 3818 Ut
240 3747 390 3815 miserorl
425 3751 571 3815 Arbitror
594 3751 678 3816 errim
701 3753 800 3836 ipsam
821 3749 904 3814 inter
925 3745 1170 3834 supplicationes

255 3835 326 3902 bec
340 3835 514 3912 dicturam3

170 3921 203 3986 0
221 3921 325 3999 Pater,
341 3923 466 3988 occides
479 3920 554 3986 me?
574 3921 651 3988 tales
664 3923 790 4006 nuptias

171 4007 319 4074 Calebrrs
333 4009 400 4094 ipse
413 4023 446 4074 et
459 4007 599 4095 quisquis
614 4008 671 4072 tibi
686 4006 801 4074 charus
815 4017 869 4070 est.

171 4095 298 4158 Ornos
310 4107 418 4160 autem
429 4115 531 4196 prope
545 4107 639 4172 stans,
655 4093 803 4159 clamabit

170 4177 258 4244 Soita
330 4201 384 4246 um
399 4187 494 4256 sorte}
515 4179 618 4244 adbuc
632 4179 717 4246 enirn
731 4193 779 4245 est
792 4175 903 4242 inians.

172 4264 259 4346 lieu,
270 4201 357 4334 Eli
383 4281 418 4332 ut
430 4265 569 4352 perdidit
584 4287 635 4332 ruo
648 4265 774 4353 nuptias
786 4285 851 4332 eutr
868 4263 990 4328 Helena
