2862 4864
644 153 975 224 EURIPIDIS

339 332 436 400 Ultro
449 353 497 416 are
509 328 637 414 recepit,
653 342 690 395 ut
703 329 763 395 diis
777 327 931 405 invisurus

337 419 406 496 Qui
420 439 496 482 vero
509 416 635 482 reveriti
649 429 733 494 sunt,
750 436 889 482 mensam
903 411 1091 500 hospitala-
1105 414 1281 482 solitariam

339 505 560 579 Proebuerunt,
575 517 736 568 manentes
750 501 809 567 sub
824 501 935 566 eodem
950 512 1034 566 tecto
1047 499 1177 579 sedium,

312 673 316 684 .
338 589 471 657 Silentio
496 602 603 654 autem
627 587 890 654 machinabantur
914 608 965 651 me
986 588 1089 654 omnis
1110 587 1265 674 colloquii
1287 609 1345 653 ex·

466 691 544 740 rtem
575 689 610 738 ut
1052 711 1058 730 .

339 697 577 848 Cibopqiotuqde
590 759 803 826 exhilararent
815 761 882 824 sine
895 760 1033 845 piaculo,
1280 768 1347 826 920

338 849 378 914 In
394 871 447 912 vas
460 869 537 912 vero
550 847 714 933 proprium
726 846 880 933 aequalem
891 845 1038 910 omnibus
1051 843 1200 911 Bacchici
1211 849 1347 932 liquoris

339 934 526 999 Mansuram
540 933 664 1017 plenam
680 932 890 1011 infundentes,
904 931 1090 998 fruebantur
1104 931 1284 1014 voluptate.

339 1021 412 1108 Ego
426 1042 501 1085 vero
512 1019 741 1106 reprehendere
750 1018 877 1105 quidem
893 1016 1032 1104 hospites
1045 1039 1113 1082 nou
1126 1017 1302 1096 audebam,

338 1106 497 1174 Doiebam
512 1128 588 1172 vero
601 1105 695 1171 tacite
708 1119 740 1170 ct
754 1103 938 1169 simulabam
950 1126 996 1168 mc
1009 1107 1072 1168 lraec
1084 1105 1214 1186 nescire,

338 1193 442 1258 Valde
455 1193 672 1280 ingemiscens,
687 1189 773 1293 quod
787 1213 874 1256 eram
888 1190 997 1255 matris
1011 1188 1203 1256 interfector.

338 1279 448 1346 Audio
462 1291 567 1344 autem
582 1275 829 1343 Atheniensibus
844 1299 928 1341 meas
941 1275 1134 1342 calamitates

340 1365 470 1430 Festum
485 1364 603 1429 sactum
618 1387 696 1445 esse,
711 1374 744 1428 et
756 1362 862 1428 adhuc
876 1383 997 1428 morem
1013 1363 1097 1427 hunc
1113 1385 1254 1441 manere,

340 1450 547 1538 Congiarium
563 1451 628 1514 Vas
642 1464 677 1516 ut
692 1449 830 1514 Palladis
845 1448 981 1535 populus
995 1447 1140 1524 honoret.

340 1537 511 1624 Postquam
526 1549 631 1602 autem
645 1537 715 1600 veni
730 1537 763 1600 in
778 1534 935 1601 tumulum
952 1533 1068 1600 Martis
1082 1548 1114 1601 et
1128 1535 1301 1622 injudicio

340 1624 430 1700 Steti,
446 1645 506 1711 ego
521 1623 648 1710 quidem
664 1643 821 1707 occupans
834 1621 964 1686 alteram
978 1619 1094 1699 sedeam
1276 1631 1344 1689 980

340 1709 482 1774 Alteram
496 1731 570 1774 vero
585 1724 662 1775 natu
677 1709 814 1773 maxima
830 1706 1020 1794 Erinoyum,

340 1796 497 1862 Perorans
511 1809 617 1860 autem
632 1794 824 1880 audiensque
838 1815 963 1858 mersam
979 1793 1150 1880 parricidii,

210 1947 212 1952 ,
341 1881 482 1948 Phoebus
496 1881 665 1946 testificans
679 1879 812 1945 servavit
826 1901 897 1944 me:
920 1881 1008 1966 paria
1023 1902 1097 1946 uero
1110 1879 1188 1944 mihi

341 1967 498 2054 Suffragia
512 1968 687 2033 numeravit
703 1966 806 2031 Pallas
820 1985 927 2043 manu,

338 2055 448 2140 Atque
458 2054 559 2119 victor
571 2053 636 2118 abii
650 2075 692 2118 ex
701 2052 824 2138 judicio
837 2051 1009 2138 parricidii.

338 2139 547 2290 Quoeqqqque
568 2140 665 2226 igitur
679 2141 844 2204 Furiarum
865 2137 1016 2204 sedebant
1035 2139 1272 2224 acquiescentes
1288 2141 1345 2228 ju·

450 2247 520 2303 acro,

340 2311 470 2375 Curiam
485 2333 586 2396 prope
599 2311 699 2397 ipsam
710 2311 857 2377 sacellum
873 2322 1049 2376 statuerunt
1063 2309 1191 2390 hahere,

337 2396 549 2546 Quaempque
562 2420 637 2463 vero
653 2398 820 2462 Furiarum
837 2399 907 2463 haic
927 2397 1091 2463 sententiae
1114 2419 1178 2462 uon
1196 2397 1344 2486 acquies-

422 2506 458 2548 ce
481 2496 546 2562 snt,

339 2569 494 2634 Cursibus
509 2569 685 2658 irrequietis
700 2593 751 2635 me
765 2591 888 2655 semper
902 2570 1108 2658 agitaverunt,

334 2655 452 2724 Donec
467 2677 574 2722 rursus
590 2657 667 2722 redii
681 2657 721 2722 ad
740 2655 851 2722 Phoebi
869 2671 1014 2722 mactum
1029 2655 1142 2733 solum,
1280 2667 1346 2724 940

341 2741 384 2806 Et
398 2755 472 2808 ante
485 2742 580 2843 adyta
588 2744 697 2830 jacens
711 2757 869 2820 extensus,
879 2743 1007 2830 jejunus
1022 2766 1040 2806 a
1053 2741 1135 2819 cibo,

336 2829 447 2894 Juravi
463 2851 513 2894 me
527 2828 590 2895 rllic
604 2829 813 2915 abrupturum
829 2851 893 2892 esse
907 2829 987 2892 mihi
1000 2829 1096 2894 vitam
1112 2827 1291 2906 moriendo,

338 2915 408 2979 Nisi
423 2937 474 2979 me
487 2931 623 2981 seruaret
635 2914 785 2992 Phoebus,
801 2915 856 3002 qui
871 2937 920 2978 me
934 2914 1123 3000 perdiderat.

340 3000 400 3074 Ibi,
417 3023 457 3063 ex
471 3023 565 3066 aureo
579 3002 702 3087 tripode
717 3024 825 3066 uocem
839 3001 996 3081 emittens,

338 3085 480 3151 Phoebus
494 3089 577 3152 misit
593 3110 643 3152 me
658 3090 729 3166 buc,
745 3102 782 3152 ut
795 3087 954 3172 delapsam
969 3085 1051 3152 ooelo
1064 3083 1222 3152 auferrem

339 3173 482 3236 Statuam
497 3187 529 3237 et
543 3173 729 3239 collocarem
746 3176 778 3237 in
794 3187 879 3238 terra
893 3171 1092 3238 Atheniensi.

339 3257 448 3334 Quare
463 3281 557 3344 quam
573 3261 660 3324 Deus
673 3260 835 3326 constituit
846 3259 976 3324 salntem
992 3258 1092 3336 nobis,
1109 3259 1190 3324 hanc

338 3343 512 3409 Nobiscum
526 3366 621 3430 para:
646 3349 671 3410 si
688 3346 770 3410 enim
784 3346 864 3411 Deoe
880 3346 1039 3430 potiamur
1053 3357 1165 3422 statua,

336 3431 527 3518 Insaniaque
540 3431 699 3496 liberabor
713 3447 745 3496 ct
758 3445 790 3497 te
804 3433 835 3496 in
852 3429 1023 3496 multirerni
1036 3429 1153 3516 scapha

335 3521 499 3596 Acestam,
516 3516 662 3604 Mycenis
676 3520 792 3583 iterum
806 3517 979 3583 collocabo
1278 3527 1345 3584 9⁵0

337 3602 564 3682 Quamobrem,
581 3604 613 3669 Ο
628 3603 725 3669 chara
738 3619 784 3682 tu,
801 3605 833 3668 Ο
848 3605 1002 3670 sororium
1018 3615 1123 3688 caput,

337 3691 436 3754 Serra
450 3703 612 3776 paternam
629 3690 771 3769 domum,
786 3711 900 3777 meque
913 3711 1080 3766 conseram

336 3775 424 3852 Quia
437 3797 508 3927 qqea
529 3777 622 3842 simul
636 3776 743 3841 omnis
764 3777 928 3862 perierunt
946 3789 979 3840 et
999 3788 1101 3842 totum
1121 3795 1225 3862 genus
1250 3773 1346 3841 Pelo-

421 3884 452 3947 ιιι
477 3885 578 3938 arum,

336 3946 501 4012 Caelestem
519 3950 576 4014 nisi
591 3963 715 4032 captam
731 3949 951 4015 abstulerimus
966 3951 1047 4016 Dete
1061 3959 1211 4014 statuam.

248 4054 324 4100 cao.
336 4031 452 4097 Gravis
467 4035 613 4119 quoedam
630 4035 774 4100 Deorum
789 4038 836 4100 ira
852 4035 998 4101 efferbuit

250 4181 254 4188 .
336 4117 496 4183 Adversus
510 4143 613 4186 semen
631 4122 760 4186 'Tantali
775 4137 805 4186 et
820 4143 878 4206 per
893 4143 1050 4188 aerumnas
1065 4119 1165 4186 ducit.

249 4223 323 4304 ιιίι.1
336 4203 434 4269 Hanc
448 4205 576 4290 quidem
591 4207 785 4274 voluntatem
802 4208 908 4286 hebui,
925 4209 1107 4294 priusquam
1122 4204 1188 4270 buc
1209 4207 1345 4286 renim,
1423 4267 1424 4298 ,
