<?xml version="1.0" encoding="UTF-8"?>
<!DOCTYPE html PUBLIC "-//W3C//DTD XHTML 1.0 Transitional//EN"
    "http://www.w3.org/TR/xhtml1/DTD/xhtml1-transitional.dtd">
<html xmlns="http://www.w3.org/1999/xhtml" xml:lang="en" lang="en">
 <head>
  <title>
</title>
<meta http-equiv="Content-Type" content="text/html;charset=utf-8" />
  <meta name='ocr-system' content='tesseract 3.04.00' />
  <meta name='ocr-capabilities' content='ocr_page ocr_carea ocr_par ocr_line ocrx_word'/>
</head>
<body>
  <div class='ocr_page' id='page_1' title='image "./euripidistragoe00mattgoog/euripidistragoe00mattgoog_0585.png"; bbox 0 0 2888 4856; ppageno 0'>
   <div class='ocr_carea' id='block_1_1' title="bbox 311 165 1021 272">
    <p class='ocr_par' dir='ltr' id='par_1_1' title="bbox 311 165 1021 272">
     <span class='ocr_line' id='line_1_1' title="bbox 311 165 1021 272; baseline -0.006 0"><span class='ocrx_word' id='word_1_1' title='bbox 311 213 375 272; x_wconf 73' lang='grc' dir='ltr'>εει</span> <span class='ocrx_word' id='word_1_2' title='bbox 425 165 456 210; x_wconf 71' lang='grc'>·’</span> <span class='ocrx_word' id='word_1_3' title='bbox 695 199 1021 269; x_wconf 78' lang='lat' dir='ltr'>nun11&gt;1u1s</span> 
     </span>
    </p>
   </div>
   <div class='ocr_carea' id='block_1_2' title="bbox 304 373 1387 1397">
    <p class='ocr_par' dir='ltr' id='par_1_2' title="bbox 307 373 1285 461">
     <span class='ocr_line' id='line_1_2' title="bbox 307 373 1285 461; baseline 0.003 -20"><span class='ocrx_word' id='word_1_4' title='bbox 307 374 416 442; x_wconf 73' lang='lat' dir='ltr'>coni</span> <span class='ocrx_word' id='word_1_5' title='bbox 558 394 604 436; x_wconf 81' lang='lat' dir='ltr'>nse</span> <span class='ocrx_word' id='word_1_6' title='bbox 613 393 655 437; x_wconf 83' lang='lat' dir='ltr'>ne</span> <span class='ocrx_word' id='word_1_7' title='bbox 668 373 835 440; x_wconf 85' lang='lat' dir='ltr'>desinatis:</span> <span class='ocrx_word' id='word_1_8' title='bbox 857 375 934 461; x_wconf 84' lang='lat' dir='ltr'>quia</span> <span class='ocrx_word' id='word_1_9' title='bbox 947 373 1121 460; x_wconf 83' lang='lat' dir='ltr'>corripiens</span> <span class='ocrx_word' id='word_1_10' title='bbox 1135 377 1285 444; x_wconf 75' lang='lat' dir='ltr'>retinebo</span> 
     </span>
    </p>

    <p class='ocr_par' dir='ltr' id='par_1_3' title="bbox 304 458 1387 1397">
     <span class='ocr_line' id='line_1_3' title="bbox 393 458 1226 541; baseline 0.004 -16"><span class='ocrx_word' id='word_1_11' title='bbox 393 460 438 526; x_wconf 86' lang='lat' dir='ltr'>Et</span> <span class='ocrx_word' id='word_1_12' title='bbox 474 479 534 523; x_wconf 85' lang='lat' dir='ltr'>unc</span> <span class='ocrx_word' id='word_1_13' title='bbox 548 479 649 524; x_wconf 82' lang='lat' dir='ltr'>orcum</span> <span class='ocrx_word' id='word_1_14' title='bbox 662 473 695 524; x_wconf 89' lang='lat' dir='ltr'>et</span> <span class='ocrx_word' id='word_1_15' title='bbox 708 461 810 541; x_wconf 82' lang='lat' dir='ltr'>tefiIi,</span> <span class='ocrx_word' id='word_1_16' title='bbox 825 475 857 525; x_wconf 90' lang='lat' dir='ltr'>et</span> <span class='ocrx_word' id='word_1_17' title='bbox 872 483 921 526; x_wconf 84' lang='lat' dir='ltr'>res</span> <span class='ocrx_word' id='word_1_18' title='bbox 936 458 1022 525; x_wconf 84' lang='lat' dir='ltr'>intus</span> <span class='ocrx_word' id='word_1_19' title='bbox 1036 461 1226 528; x_wconf 79' lang='lat' dir='ltr'>reconditas.</span> 
     </span>
     <span class='ocr_line' id='line_1_4' title="bbox 304 543 1384 634; baseline 0.002 -19"><span class='ocrx_word' id='word_1_20' title='bbox 304 567 375 616; x_wconf 78' lang='lat' dir='ltr'>ron.</span> <span class='ocrx_word' id='word_1_21' title='bbox 391 549 506 610; x_wconf 82' lang='lat' dir='ltr'>Annon</span> <span class='ocrx_word' id='word_1_22' title='bbox 523 557 591 610; x_wconf 73' lang='lat' dir='ltr'>rant</span> <span class='ocrx_word' id='word_1_23' title='bbox 604 543 674 610; x_wconf 83' lang='lat' dir='ltr'>haec</span> <span class='ocrx_word' id='word_1_24' title='bbox 688 545 830 612; x_wconf 81' lang='lat' dir='ltr'>atrocia?</span> <span class='ocrx_word' id='word_1_25' title='bbox 850 568 995 612; x_wconf 86' lang='lat' dir='ltr'>sermone</span> <span class='ocrx_word' id='word_1_26' title='bbox 1011 547 1251 634; x_wconf 61' lang='lat' dir='ltr'>quodammdo</span> <span class='ocrx_word' id='word_1_27' title='bbox 1263 573 1384 617; x_wconf 67' lang='lat' dir='ltr'>meror.</span> 
     </span>
     <span class='ocr_line' id='line_1_5' title="bbox 307 629 1115 707; baseline 0 -9"><span class='ocrx_word' id='word_1_28' title='bbox 307 653 382 698; x_wconf 78' lang='lat' dir='ltr'>cna.</span> <span class='ocrx_word' id='word_1_29' title='bbox 394 631 469 697; x_wconf 91' lang='lat' dir='ltr'>Non</span> <span class='ocrx_word' id='word_1_30' title='bbox 477 653 488 707; x_wconf 68' lang='grc' dir='ltr'><strong>ς</strong></span> <span class='ocrx_word' id='word_1_31' title='bbox 511 629 566 696; x_wconf 77' lang='lat' dir='ltr'>sed</span> <span class='ocrx_word' id='word_1_32' title='bbox 581 631 688 696; x_wconf 88' lang='lat' dir='ltr'>amicis</span> <span class='ocrx_word' id='word_1_33' title='bbox 702 633 763 696; x_wconf 88' lang='lat' dir='ltr'>tuis</span> <span class='ocrx_word' id='word_1_34' title='bbox 779 635 923 698; x_wconf 79' lang='lat' dir='ltr'>inventus</span> <span class='ocrx_word' id='word_1_35' title='bbox 936 654 970 696; x_wconf 84' lang='lat' dir='ltr'>ea</span> <span class='ocrx_word' id='word_1_36' title='bbox 983 633 1115 698; x_wconf 81' lang='lat' dir='ltr'>amicus.</span> 
     </span>
     <span class='ocr_line' id='line_1_6' title="bbox 308 716 1308 806; baseline 0.003 -23"><span class='ocrx_word' id='word_1_37' title='bbox 308 739 378 784; x_wconf 78' lang='lat' dir='ltr'>ron.</span> <span class='ocrx_word' id='word_1_38' title='bbox 395 717 507 806; x_wconf 81' lang='lat' dir='ltr'><strong>Egone</strong></span> <span class='ocrx_word' id='word_1_39' title='bbox 521 717 640 782; x_wconf 75' lang='lat' dir='ltr'>amicus</span> <span class='ocrx_word' id='word_1_40' title='bbox 654 716 753 784; x_wconf 78' lang='lat' dir='ltr'>tuus?</span> <span class='ocrx_word' id='word_1_41' title='bbox 773 731 923 784; x_wconf 86' lang='lat' dir='ltr'>ettamen</span> <span class='ocrx_word' id='word_1_42' title='bbox 939 739 991 783; x_wconf 91' lang='lat' dir='ltr'>me</span> <span class='ocrx_word' id='word_1_43' title='bbox 1005 718 1086 784; x_wconf 83' lang='lat' dir='ltr'>clam</span> <span class='ocrx_word' id='word_1_44' title='bbox 1100 720 1308 786; x_wconf 75' lang='lat' dir='ltr'>interfecisti?</span> 
     </span>
     <span class='ocr_line' id='line_1_7' title="bbox 308 803 1387 890; baseline 0.001 -20"><span class='ocrx_word' id='word_1_45' title='bbox 308 825 384 870; x_wconf 83' lang='lat' dir='ltr'>cns.</span> <span class='ocrx_word' id='word_1_46' title='bbox 397 804 469 869; x_wconf 89' lang='lat' dir='ltr'>lmo</span> <span class='ocrx_word' id='word_1_47' title='bbox 482 803 565 869; x_wconf 87' lang='lat' dir='ltr'>filius</span> <span class='ocrx_word' id='word_1_48' title='bbox 578 825 632 869; x_wconf 80' lang='lat' dir='ltr'>es:</span> <span class='ocrx_word' id='word_1_49' title='bbox 653 805 805 888; x_wconf 82' lang='lat' dir='ltr'>siquidem</span> <span class='ocrx_word' id='word_1_50' title='bbox 820 804 882 869; x_wconf 87' lang='lat' dir='ltr'>boc</span> <span class='ocrx_word' id='word_1_51' title='bbox 895 819 941 869; x_wconf 90' lang='lat' dir='ltr'>est</span> <span class='ocrx_word' id='word_1_52' title='bbox 955 805 1139 890; x_wconf 81' lang='lat' dir='ltr'>parentibus</span> <span class='ocrx_word' id='word_1_53' title='bbox 1152 805 1387 874; x_wconf 68' lang='lat' dir='ltr'>charissimum.²</span> 
     </span>
     <span class='ocr_line' id='line_1_8' title="bbox 307 890 1386 979; baseline 0.004 -24"><span class='ocrx_word' id='word_1_54' title='bbox 307 911 377 955; x_wconf 78' lang='lat' dir='ltr'>ron.</span> <span class='ocrx_word' id='word_1_55' title='bbox 392 890 513 956; x_wconf 84' lang='lat' dir='ltr'>Desine</span> <span class='ocrx_word' id='word_1_56' title='bbox 527 893 762 955; x_wconf 80' lang='lat' dir='ltr'>dolosnectere:</span> <span class='ocrx_word' id='word_1_57' title='bbox 785 911 955 976; x_wconf 76' lang='lat' dir='ltr'>coarguam</span> <span class='ocrx_word' id='word_1_58' title='bbox 963 891 1048 954; x_wconf 89' lang='lat' dir='ltr'>enim</span> <span class='ocrx_word' id='word_1_59' title='bbox 1057 913 1118 979; x_wconf 80' lang='lat' dir='ltr'>ego</span> <span class='ocrx_word' id='word_1_60' title='bbox 1131 906 1163 957; x_wconf 89' lang='lat' dir='ltr'>te</span> <span class='ocrx_word' id='word_1_61' title='bbox 1177 897 1285 978; x_wconf 82' lang='lat' dir='ltr'>probe.</span> <span class='ocrx_word' id='word_1_62' title='bbox 1308 903 1386 961; x_wconf 86' lang='grc'><strong>1410</strong></span> 
     </span>
     <span class='ocr_line' id='line_1_9' title="bbox 307 975 1144 1054; baseline 0 -12"><span class='ocrx_word' id='word_1_63' title='bbox 307 997 382 1042; x_wconf 76' lang='lat' dir='ltr'>cn.</span> <span class='ocrx_word' id='word_1_64' title='bbox 393 976 525 1042; x_wconf 89' lang='lat' dir='ltr'>Utinam</span> <span class='ocrx_word' id='word_1_65' title='bbox 541 999 579 1041; x_wconf 89' lang='lat' dir='ltr'>eo</span> <span class='ocrx_word' id='word_1_66' title='bbox 592 976 741 1054; x_wconf 80' lang='lat' dir='ltr'>venerim,</span> <span class='ocrx_word' id='word_1_67' title='bbox 758 977 790 1042; x_wconf 95' lang='grc' dir='ltr'><strong>Ο</strong></span> <span class='ocrx_word' id='word_1_68' title='bbox 806 976 860 1054; x_wconf 84' lang='lat' dir='ltr'>iili,</span> <span class='ocrx_word' id='word_1_69' title='bbox 876 978 908 1039; x_wconf 90' lang='lat' dir='ltr'>in</span> <span class='ocrx_word' id='word_1_70' title='bbox 924 976 985 1040; x_wconf 89' lang='lat' dir='ltr'>hoc</span> <span class='ocrx_word' id='word_1_71' title='bbox 998 975 1144 1042; x_wconf 81' lang='lat' dir='ltr'>collineo.</span> 
     </span>
     <span class='ocr_line' id='line_1_10' title="bbox 308 1061 1329 1150; baseline 0.003 -22"><span class='ocrx_word' id='word_1_72' title='bbox 308 1083 379 1128; x_wconf 79' lang='lat' dir='ltr'>mn.</span> <span class='ocrx_word' id='word_1_73' title='bbox 394 1063 546 1128; x_wconf 84' lang='lat' dir='ltr'>Vacuane</span> <span class='ocrx_word' id='word_1_74' title='bbox 559 1073 601 1127; x_wconf 80' lang='lat' dir='ltr'>est</span> <span class='ocrx_word' id='word_1_75' title='bbox 615 1061 685 1126; x_wconf 74' lang='lat' dir='ltr'>haec</span> <span class='ocrx_word' id='word_1_76' title='bbox 699 1085 781 1140; x_wconf 68' lang='lat' dir='ltr'>moa,</span> <span class='ocrx_word' id='word_1_77' title='bbox 798 1073 837 1126; x_wconf 74' lang='lat' dir='ltr'>tn</span> <span class='ocrx_word' id='word_1_78' title='bbox 853 1063 939 1149; x_wconf 79' lang='lat' dir='ltr'>tegit·</span> <span class='ocrx_word' id='word_1_79' title='bbox 945 1061 1065 1148; x_wconf 86' lang='lat' dir='ltr'>aliquid</span> <span class='ocrx_word' id='word_1_80' title='bbox 1078 1085 1145 1149; x_wconf 92' lang='lat' dir='ltr'>quo</span> <span class='ocrx_word' id='word_1_81' title='bbox 1158 1065 1199 1129; x_wconf 89' lang='lat' dir='ltr'>sit</span> <span class='ocrx_word' id='word_1_82' title='bbox 1211 1065 1329 1150; x_wconf 82' lang='lat' dir='ltr'>piena?</span> 
     </span>
     <span class='ocr_line' id='line_1_11' title="bbox 308 1147 1021 1236; baseline -0.006 -21"><span class='ocrx_word' id='word_1_83' title='bbox 308 1168 384 1216; x_wconf 76' lang='lat' dir='ltr'>cun.</span> <span class='ocrx_word' id='word_1_84' title='bbox 396 1149 471 1214; x_wconf 88' lang='lat' dir='ltr'>Tua</span> <span class='ocrx_word' id='word_1_85' title='bbox 485 1147 617 1226; x_wconf 75' lang='lat' dir='ltr'>inducia,</span> <span class='ocrx_word' id='word_1_86' title='bbox 633 1148 745 1235; x_wconf 81' lang='lat' dir='ltr'>quibus</span> <span class='ocrx_word' id='word_1_87' title='bbox 760 1161 792 1213; x_wconf 89' lang='lat' dir='ltr'>te</span> <span class='ocrx_word' id='word_1_88' title='bbox 805 1148 936 1234; x_wconf 77' lang='lat' dir='ltr'>exposui</span> <span class='ocrx_word' id='word_1_89' title='bbox 950 1171 1021 1236; x_wconf 86' lang='lat' dir='ltr'>ego.</span> 
     </span>
     <span class='ocr_line' id='line_1_12' title="bbox 309 1233 1210 1321; baseline -0.001 -21"><span class='ocrx_word' id='word_1_90' title='bbox 309 1256 383 1302; x_wconf 78' lang='lat' dir='ltr'>ron.</span> <span class='ocrx_word' id='word_1_91' title='bbox 395 1235 532 1301; x_wconf 86' lang='lat' dir='ltr'>Dicesne</span> <span class='ocrx_word' id='word_1_92' title='bbox 546 1255 659 1299; x_wconf 88' lang='lat' dir='ltr'>nomen</span> <span class='ocrx_word' id='word_1_93' title='bbox 676 1235 827 1320; x_wconf 87' lang='lat' dir='ltr'>ipsorum,</span> <span class='ocrx_word' id='word_1_94' title='bbox 842 1235 1022 1321; x_wconf 85' lang='lat' dir='ltr'>priusquam</span> <span class='ocrx_word' id='word_1_95' title='bbox 1037 1233 1210 1320; x_wconf 81' lang='lat' dir='ltr'>inspicias?</span> 
     </span>
     <span class='ocr_line' id='line_1_13' title="bbox 310 1319 1005 1397; baseline -0.003 -9"><span class='ocrx_word' id='word_1_96' title='bbox 310 1341 385 1388; x_wconf 77' lang='lat' dir='ltr'>cns.</span> <span class='ocrx_word' id='word_1_97' title='bbox 396 1321 440 1386; x_wconf 86' lang='lat' dir='ltr'>Et</span> <span class='ocrx_word' id='word_1_98' title='bbox 454 1322 480 1386; x_wconf 87' lang='lat' dir='ltr'>si</span> <span class='ocrx_word' id='word_1_99' title='bbox 495 1343 559 1385; x_wconf 90' lang='lat' dir='ltr'>non</span> <span class='ocrx_word' id='word_1_100' title='bbox 572 1319 686 1397; x_wconf 86' lang='lat' dir='ltr'>dicam,</span> <span class='ocrx_word' id='word_1_101' title='bbox 702 1321 784 1384; x_wconf 88' lang='lat' dir='ltr'>mori</span> <span class='ocrx_word' id='word_1_102' title='bbox 798 1319 909 1385; x_wconf 88' lang='lat' dir='ltr'>lubens</span> <span class='ocrx_word' id='word_1_103' title='bbox 922 1320 1005 1386; x_wconf 88' lang='lat' dir='ltr'>volo.</span> 
     </span>
    </p>
   </div>
   <div class='ocr_carea' id='block_1_3' title="bbox 196 1404 1273 1496">
    <p class='ocr_par' dir='ltr' id='par_1_4' title="bbox 196 1404 1273 1496">
     <span class='ocr_line' id='line_1_14' title="bbox 196 1404 1273 1496; baseline 0.002 -25"><span class='ocrx_word' id='word_1_104' title='bbox 196 1433 203 1440; x_wconf 85' lang='lat'><strong>·</strong></span> <span class='ocrx_word' id='word_1_105' title='bbox 309 1427 380 1472; x_wconf 81' lang='lat' dir='ltr'>son.</span> <span class='ocrx_word' id='word_1_106' title='bbox 395 1408 460 1472; x_wconf 89' lang='lat' dir='ltr'>Dic</span> <span class='ocrx_word' id='word_1_107' title='bbox 468 1431 477 1484; x_wconf 88' lang='lat'>;</span> <span class='ocrx_word' id='word_1_108' title='bbox 501 1407 574 1493; x_wconf 90' lang='lat' dir='ltr'>quia</span> <span class='ocrx_word' id='word_1_109' title='bbox 589 1407 647 1472; x_wconf 84' lang='lat' dir='ltr'>ista</span> <span class='ocrx_word' id='word_1_110' title='bbox 661 1418 717 1472; x_wconf 89' lang='lat' dir='ltr'>tua</span> <span class='ocrx_word' id='word_1_111' title='bbox 729 1405 847 1471; x_wconf 83' lang='lat' dir='ltr'>fiducia</span> <span class='ocrx_word' id='word_1_112' title='bbox 860 1405 957 1471; x_wconf 88' lang='lat' dir='ltr'>habet</span> <span class='ocrx_word' id='word_1_113' title='bbox 971 1404 1091 1492; x_wconf 86' lang='lat' dir='ltr'>aliquid</span> <span class='ocrx_word' id='word_1_114' title='bbox 1104 1407 1273 1496; x_wconf 77' lang='lat' dir='ltr'>singulare.</span> 
     </span>
    </p>
   </div>
   <div class='ocr_carea' id='block_1_4' title="bbox 308 1487 1423 4339">
    <p class='ocr_par' dir='ltr' id='par_1_5' title="bbox 308 1487 1423 2765">
     <span class='ocr_line' id='line_1_15' title="bbox 308 1487 1423 1582; baseline 0.002 -22"><span class='ocrx_word' id='word_1_115' title='bbox 308 1513 383 1560; x_wconf 76' lang='lat' dir='ltr'>cuc.</span> <span class='ocrx_word' id='word_1_116' title='bbox 393 1492 507 1558; x_wconf 84' lang='lat' dir='ltr'>Videte</span> <span class='ocrx_word' id='word_1_117' title='bbox 515 1505 686 1570; x_wconf 84' lang='lat' dir='ltr'>texturam,</span> <span class='ocrx_word' id='word_1_118' title='bbox 697 1491 973 1582; x_wconf 78' lang='lat' dir='ltr'>quamegopuella</span> <span class='ocrx_word' id='word_1_119' title='bbox 981 1492 1141 1579; x_wconf 89' lang='lat' dir='ltr'>quondam</span> <span class='ocrx_word' id='word_1_120' title='bbox 1149 1495 1386 1562; x_wconf 70' lang='lat' dir='ltr'>existentexui</span> <span class='ocrx_word' id='word_1_121' title='bbox 1422 1487 1423 1500; x_wconf 42' lang='lat'>¹</span> 
     </span>
     <span class='ocr_line' id='line_1_16' title="bbox 310 1577 1423 1662; baseline 0.002 -18"><span class='ocrx_word' id='word_1_122' title='bbox 310 1600 380 1644; x_wconf 82' lang='grc' dir='ltr'>ιοιι.</span> <span class='ocrx_word' id='word_1_123' title='bbox 396 1578 532 1655; x_wconf 86' lang='lat' dir='ltr'>Qualem</span> <span class='ocrx_word' id='word_1_124' title='bbox 546 1577 646 1644; x_wconf 85' lang='lat' dir='ltr'>nam?</span> <span class='ocrx_word' id='word_1_125' title='bbox 668 1579 777 1644; x_wconf 84' lang='lat' dir='ltr'>multoe</span> <span class='ocrx_word' id='word_1_126' title='bbox 791 1583 865 1644; x_wconf 81' lang='lat' dir='ltr'>enim</span> <span class='ocrx_word' id='word_1_127' title='bbox 880 1589 950 1642; x_wconf 75' lang='lat' dir='ltr'>aurat</span> <span class='ocrx_word' id='word_1_128' title='bbox 962 1593 1098 1644; x_wconf 79' lang='lat' dir='ltr'>texturae</span> <span class='ocrx_word' id='word_1_129' title='bbox 1111 1579 1300 1662; x_wconf 77' lang='lat' dir='ltr'>puellarum.</span> <span class='ocrx_word' id='word_1_130' title='bbox 1422 1579 1423 1614; x_wconf 62' lang='lat'>¹</span> 
     </span>
     <span class='ocr_line' id='line_1_17' title="bbox 311 1664 1189 1743; baseline -0.002 -11"><span class='ocrx_word' id='word_1_131' title='bbox 311 1685 386 1732; x_wconf 74' lang='lat' dir='ltr'>cun.</span> <span class='ocrx_word' id='word_1_132' title='bbox 398 1665 473 1730; x_wconf 89' lang='lat' dir='ltr'>Non</span> <span class='ocrx_word' id='word_1_133' title='bbox 488 1664 676 1743; x_wconf 86' lang='lat' dir='ltr'>absolutam,</span> <span class='ocrx_word' id='word_1_134' title='bbox 691 1665 746 1730; x_wconf 86' lang='lat' dir='ltr'>sed</span> <span class='ocrx_word' id='word_1_135' title='bbox 761 1664 856 1729; x_wconf 82' lang='lat' dir='ltr'>veluti</span> <span class='ocrx_word' id='word_1_136' title='bbox 872 1665 1085 1730; x_wconf 84' lang='lat' dir='ltr'>rudimentum</span> <span class='ocrx_word' id='word_1_137' title='bbox 1099 1665 1189 1730; x_wconf 83' lang='lat' dir='ltr'>radii.</span> 
     </span>
     <span class='ocr_line' id='line_1_18' title="bbox 311 1749 1423 1838; baseline 0.001 -21"><span class='ocrx_word' id='word_1_138' title='bbox 311 1773 382 1818; x_wconf 78' lang='lat' dir='ltr'>ron.</span> <span class='ocrx_word' id='word_1_139' title='bbox 397 1751 503 1828; x_wconf 88' lang='lat' dir='ltr'>Quam</span> <span class='ocrx_word' id='word_1_140' title='bbox 519 1752 614 1816; x_wconf 74' lang='lat' dir='ltr'>hairet</span> <span class='ocrx_word' id='word_1_141' title='bbox 624 1749 784 1838; x_wconf 69' lang='lat' dir='ltr'>fignrram?</span> <span class='ocrx_word' id='word_1_142' title='bbox 804 1765 840 1815; x_wconf 91' lang='lat' dir='ltr'>ut</span> <span class='ocrx_word' id='word_1_143' title='bbox 853 1771 904 1816; x_wconf 88' lang='lat' dir='ltr'>me</span> <span class='ocrx_word' id='word_1_144' title='bbox 917 1772 982 1815; x_wconf 92' lang='lat' dir='ltr'>nou</span> <span class='ocrx_word' id='word_1_145' title='bbox 997 1749 1051 1815; x_wconf 88' lang='lat' dir='ltr'>hic</span> <span class='ocrx_word' id='word_1_146' title='bbox 1064 1751 1180 1835; x_wconf 86' lang='lat' dir='ltr'>capias.</span> <span class='ocrx_word' id='word_1_147' title='bbox 1312 1763 1388 1820; x_wconf 77' lang='lat' dir='ltr'>lsnn</span> <span class='ocrx_word' id='word_1_148' title='bbox 1422 1759 1423 1772; x_wconf 62' lang='lat'>¹</span> 
     </span>
     <span class='ocr_line' id='line_1_19' title="bbox 310 1836 1423 1926; baseline -0.004 -20"><span class='ocrx_word' id='word_1_149' title='bbox 310 1859 384 1906; x_wconf 79' lang='lat' dir='ltr'>cun.</span> <span class='ocrx_word' id='word_1_150' title='bbox 396 1838 531 1926; x_wconf 80' lang='lat' dir='ltr'>Gorgon</span> <span class='ocrx_word' id='word_1_151' title='bbox 545 1838 674 1924; x_wconf 90' lang='lat' dir='ltr'>quidem</span> <span class='ocrx_word' id='word_1_152' title='bbox 687 1849 731 1902; x_wconf 82' lang='lat' dir='ltr'>est</span> <span class='ocrx_word' id='word_1_153' title='bbox 746 1838 777 1902; x_wconf 90' lang='lat' dir='ltr'>in</span> <span class='ocrx_word' id='word_1_154' title='bbox 793 1836 898 1902; x_wconf 87' lang='lat' dir='ltr'>medio</span> <span class='ocrx_word' id='word_1_155' title='bbox 911 1838 1044 1902; x_wconf 88' lang='lat' dir='ltr'>stamine</span> <span class='ocrx_word' id='word_1_156' title='bbox 1057 1837 1234 1922; x_wconf 87' lang='lat' dir='ltr'>peplorum.</span> <span class='ocrx_word' id='word_1_157' title='bbox 1422 1851 1423 1858; x_wconf 74' lang='grc'>’</span> 
     </span>
     <span class='ocr_line' id='line_1_20' title="bbox 312 1921 1039 2010; baseline -0.003 -20"><span class='ocrx_word' id='word_1_158' title='bbox 312 1945 383 1990; x_wconf 80' lang='lat' dir='ltr'>ron.</span> <span class='ocrx_word' id='word_1_159' title='bbox 400 1923 432 1990; x_wconf 93' lang='lat'>0</span> <span class='ocrx_word' id='word_1_160' title='bbox 445 1925 583 2009; x_wconf 84' lang='lat' dir='ltr'>Jupiter,</span> <span class='ocrx_word' id='word_1_161' title='bbox 599 1925 685 2010; x_wconf 90' lang='lat' dir='ltr'>quod</span> <span class='ocrx_word' id='word_1_162' title='bbox 699 1922 798 1988; x_wconf 82' lang='lat' dir='ltr'>iatum</span> <span class='ocrx_word' id='word_1_163' title='bbox 812 1945 871 1987; x_wconf 91' lang='lat' dir='ltr'>nos</span> <span class='ocrx_word' id='word_1_164' title='bbox 884 1921 1039 1988; x_wconf 82' lang='lat' dir='ltr'>venatur?</span> 
     </span>
     <span class='ocr_line' id='line_1_21' title="bbox 311 2007 1281 2097; baseline 0 -19"><span class='ocrx_word' id='word_1_165' title='bbox 311 2031 385 2078; x_wconf 79' lang='lat' dir='ltr'>cns.</span> <span class='ocrx_word' id='word_1_166' title='bbox 396 2009 439 2076; x_wconf 88' lang='lat' dir='ltr'>Et</span> <span class='ocrx_word' id='word_1_167' title='bbox 453 2033 541 2076; x_wconf 86' lang='lat' dir='ltr'>oram</span> <span class='ocrx_word' id='word_1_168' title='bbox 557 2013 656 2074; x_wconf 69' lang='lat' dir='ltr'>cnido</span> <span class='ocrx_word' id='word_1_169' title='bbox 670 2020 717 2078; x_wconf 77' lang='lat' dir='ltr'>est</span> <span class='ocrx_word' id='word_1_170' title='bbox 729 2009 935 2094; x_wconf 87' lang='lat' dir='ltr'>serpentibus,</span> <span class='ocrx_word' id='word_1_171' title='bbox 950 2007 1078 2097; x_wconf 77' lang='lat' dir='ltr'>AEgidis</span> <span class='ocrx_word' id='word_1_172' title='bbox 1091 2011 1124 2074; x_wconf 94' lang='lat' dir='ltr'>iu</span> <span class='ocrx_word' id='word_1_173' title='bbox 1138 2011 1281 2078; x_wconf 86' lang='lat' dir='ltr'>modum.</span> 
     </span>
     <span class='ocr_line' id='line_1_22' title="bbox 312 2095 1254 2181; baseline -0.003 -18"><span class='ocrx_word' id='word_1_174' title='bbox 312 2118 382 2163; x_wconf 82' lang='lat' dir='ltr'>ron.</span> <span class='ocrx_word' id='word_1_175' title='bbox 397 2097 496 2181; x_wconf 84' lang='lat' dir='ltr'>(Ecca</span> <span class='ocrx_word' id='word_1_176' title='bbox 508 2095 532 2180; x_wconf 83' lang='lat' dir='ltr'>i)</span> <span class='ocrx_word' id='word_1_177' title='bbox 546 2096 616 2161; x_wconf 75' lang='lat' dir='ltr'>hec</span> <span class='ocrx_word' id='word_1_178' title='bbox 630 2107 826 2177; x_wconf 67' lang='lat' dir='ltr'>attextum,</span> <span class='ocrx_word' id='word_1_179' title='bbox 840 2109 877 2161; x_wconf 88' lang='lat' dir='ltr'>nt</span> <span class='ocrx_word' id='word_1_180' title='bbox 889 2095 1077 2172; x_wconf 80' lang='lat' dir='ltr'>invenimus,</span> <span class='ocrx_word' id='word_1_181' title='bbox 1092 2111 1125 2162; x_wconf 88' lang='lat' dir='ltr'>et</span> <span class='ocrx_word' id='word_1_182' title='bbox 1138 2096 1254 2162; x_wconf 83' lang='lat' dir='ltr'>fasciae.</span> 
     </span>
     <span class='ocr_line' id='line_1_23' title="bbox 313 2181 1133 2271; baseline -0.002 -21"><span class='ocrx_word' id='word_1_183' title='bbox 313 2182 432 2250; x_wconf 71' lang='lat' dir='ltr'>enno</span> <span class='ocrx_word' id='word_1_184' title='bbox 448 2199 536 2249; x_wconf 82' lang='lat' dir='ltr'>vetus</span> <span class='ocrx_word' id='word_1_185' title='bbox 551 2183 726 2271; x_wconf 78' lang='lat' dir='ltr'>virgineum</span> <span class='ocrx_word' id='word_1_186' title='bbox 741 2205 760 2244; x_wconf 94' lang='grc' dir='ltr'>ο</span> <span class='ocrx_word' id='word_1_187' title='bbox 784 2204 819 2247; x_wconf 86' lang='lat' dir='ltr'>us</span> <span class='ocrx_word' id='word_1_188' title='bbox 834 2203 976 2246; x_wconf 83' lang='lat' dir='ltr'>mearum</span> <span class='ocrx_word' id='word_1_189' title='bbox 991 2181 1133 2248; x_wconf 75' lang='lat' dir='ltr'>telorum</span> 
     </span>
     <span class='ocr_line' id='line_1_24' title="bbox 313 2267 1423 2356; baseline -0.004 -20"><span class='ocrx_word' id='word_1_190' title='bbox 313 2291 383 2336; x_wconf 82' lang='lat' dir='ltr'>ron.</span> <span class='ocrx_word' id='word_1_191' title='bbox 401 2270 497 2335; x_wconf 85' lang='lat' dir='ltr'>Estne</span> <span class='ocrx_word' id='word_1_192' title='bbox 510 2274 627 2355; x_wconf 79' lang='lat' dir='ltr'>signum</span> <span class='ocrx_word' id='word_1_193' title='bbox 641 2268 727 2356; x_wconf 80' lang='lat' dir='ltr'>aliqu</span> <span class='ocrx_word' id='word_1_194' title='bbox 783 2281 900 2354; x_wconf 87' lang='lat' dir='ltr'>praeter</span> <span class='ocrx_word' id='word_1_195' title='bbox 916 2269 987 2346; x_wconf 85' lang='lat' dir='ltr'>hoc,</span> <span class='ocrx_word' id='word_1_196' title='bbox 1002 2291 1042 2332; x_wconf 83' lang='lat' dir='ltr'>on</span> <span class='ocrx_word' id='word_1_197' title='bbox 1059 2267 1120 2332; x_wconf 90' lang='lat' dir='ltr'>hcc</span> <span class='ocrx_word' id='word_1_198' title='bbox 1134 2269 1203 2334; x_wconf 84' lang='lat' dir='ltr'>solo</span> <span class='ocrx_word' id='word_1_199' title='bbox 1215 2269 1291 2334; x_wconf 79' lang='lat' dir='ltr'>felix</span> <span class='ocrx_word' id='word_1_200' title='bbox 1302 2268 1354 2334; x_wconf 80' lang='lat' dir='ltr'>ea?</span> <span class='ocrx_word' id='word_1_201' title='bbox 1422 2271 1423 2280; x_wconf 77' lang='grc'>’</span> 
     </span>
     <span class='ocr_line' id='line_1_25' title="bbox 312 2352 1133 2443; baseline -0.007 -20"><span class='ocrx_word' id='word_1_202' title='bbox 312 2375 389 2424; x_wconf 78' lang='lat' dir='ltr'>cnr.</span> <span class='ocrx_word' id='word_1_203' title='bbox 398 2357 559 2422; x_wconf 78' lang='lat' dir='ltr'>Dracones</span> <span class='ocrx_word' id='word_1_204' title='bbox 573 2357 660 2420; x_wconf 84' lang='lat' dir='ltr'>aurei</span> <span class='ocrx_word' id='word_1_205' title='bbox 674 2377 771 2442; x_wconf 79' lang='lat' dir='ltr'>genua</span> <span class='ocrx_word' id='word_1_206' title='bbox 783 2355 949 2443; x_wconf 86' lang='lat' dir='ltr'>antiquam</span> <span class='ocrx_word' id='word_1_207' title='bbox 963 2352 1133 2440; x_wconf 77' lang='lat' dir='ltr'>quoddam.</span> 
     </span>
     <span class='ocr_line' id='line_1_26' title="bbox 312 2439 1364 2528; baseline -0.006 -19"><span class='ocrx_word' id='word_1_208' title='bbox 312 2465 386 2511; x_wconf 80' lang='grc' dir='ltr'>ιοιι.</span> <span class='ocrx_word' id='word_1_209' title='bbox 398 2441 531 2508; x_wconf 89' lang='lat' dir='ltr'>Donum</span> <span class='ocrx_word' id='word_1_210' title='bbox 547 2439 714 2517; x_wconf 79' lang='lat' dir='ltr'>Mnervae,</span> <span class='ocrx_word' id='word_1_211' title='bbox 731 2463 803 2528; x_wconf 80' lang='lat' dir='ltr'>quse</span> <span class='ocrx_word' id='word_1_212' title='bbox 816 2440 932 2505; x_wconf 86' lang='lat' dir='ltr'>liberos</span> <span class='ocrx_word' id='word_1_213' title='bbox 945 2440 1029 2504; x_wconf 86' lang='lat' dir='ltr'>inter</span> <span class='ocrx_word' id='word_1_214' title='bbox 1040 2450 1190 2522; x_wconf 76' lang='lat' dir='ltr'>serpente</span> <span class='ocrx_word' id='word_1_215' title='bbox 1203 2441 1246 2506; x_wconf 82' lang='lat' dir='ltr'>aii</span> <span class='ocrx_word' id='word_1_216' title='bbox 1254 2439 1364 2527; x_wconf 78' lang='lat' dir='ltr'>jubet?</span> 
     </span>
     <span class='ocr_line' id='line_1_27' title="bbox 313 2525 1034 2597; baseline -0.012 -1"><span class='ocrx_word' id='word_1_217' title='bbox 313 2549 389 2597; x_wconf 71' lang='lat' dir='ltr'>cnr.</span> <span class='ocrx_word' id='word_1_218' title='bbox 400 2527 451 2594; x_wconf 78' lang='lat' dir='ltr'>Ad</span> <span class='ocrx_word' id='word_1_219' title='bbox 468 2528 673 2593; x_wconf 89' lang='lat' dir='ltr'>imitationem</span> <span class='ocrx_word' id='word_1_220' title='bbox 689 2527 752 2591; x_wconf 84' lang='lat' dir='ltr'>anti</span> <span class='ocrx_word' id='word_1_221' title='bbox 776 2528 808 2590; x_wconf 90' lang='lat' dir='ltr'>ui</span> <span class='ocrx_word' id='word_1_222' title='bbox 824 2525 1034 2591; x_wconf 82' lang='lat' dir='ltr'>Erichthonii.</span> 
     </span>
     <span class='ocr_line' id='line_1_28' title="bbox 317 2549 1388 2701; baseline -0.004 -19"><span class='ocrx_word' id='word_1_223' title='bbox 317 2637 385 2682; x_wconf 83' lang='lat' dir='ltr'>rou.</span> <span class='ocrx_word' id='word_1_224' title='bbox 402 2615 455 2679; x_wconf 83' lang='lat' dir='ltr'>Ad</span> <span class='ocrx_word' id='word_1_225' title='bbox 478 2615 554 2701; x_wconf 91' lang='lat' dir='ltr'>quid</span> <span class='ocrx_word' id='word_1_226' title='bbox 578 2549 777 2679; x_wconf 63' lang='lat' dir='ltr'>iaciendumi</span> <span class='ocrx_word' id='word_1_227' title='bbox 810 2612 841 2676; x_wconf 89' lang='lat' dir='ltr'>in</span> <span class='ocrx_word' id='word_1_228' title='bbox 866 2633 959 2697; x_wconf 89' lang='lat' dir='ltr'>quem</span> <span class='ocrx_word' id='word_1_229' title='bbox 984 2631 1074 2675; x_wconf 88' lang='lat' dir='ltr'>usum</span> <span class='ocrx_word' id='word_1_230' title='bbox 1101 2612 1167 2696; x_wconf 84' lang='lat' dir='ltr'>(dic</span> <span class='ocrx_word' id='word_1_231' title='bbox 1191 2613 1278 2694; x_wconf 65' lang='lat' dir='ltr'>mins)</span> <span class='ocrx_word' id='word_1_232' title='bbox 1302 2633 1388 2678; x_wconf 72' lang='lat' dir='ltr'>sam</span> 
     </span>
     <span class='ocr_line' id='line_1_29' title="bbox 484 2703 1387 2765; baseline -0.001 0"><span class='ocrx_word' id='word_1_233' title='bbox 484 2714 676 2765; x_wconf 84' lang='lat' dir='ltr'>ornamenta</span> <span class='ocrx_word' id='word_1_234' title='bbox 1316 2703 1387 2764; x_wconf 75' lang='grc'><strong>1480</strong></span> 
     </span>
    </p>

    <p class='ocr_par' dir='ltr' id='par_1_6' title="bbox 315 2783 1322 3042">
     <span class='ocr_line' id='line_1_30' title="bbox 315 2783 1235 2871; baseline -0.009 -15"><span class='ocrx_word' id='word_1_235' title='bbox 315 2811 389 2856; x_wconf 76' lang='lat' dir='ltr'>cns.</span> <span class='ocrx_word' id='word_1_236' title='bbox 400 2788 448 2854; x_wconf 91' lang='lat' dir='ltr'>Ut</span> <span class='ocrx_word' id='word_1_237' title='bbox 460 2787 555 2852; x_wconf 87' lang='lat' dir='ltr'>ferret</span> <span class='ocrx_word' id='word_1_238' title='bbox 569 2809 648 2871; x_wconf 88' lang='lat' dir='ltr'>puer</span> <span class='ocrx_word' id='word_1_239' title='bbox 664 2807 769 2850; x_wconf 86' lang='lat' dir='ltr'>recens</span> <span class='ocrx_word' id='word_1_240' title='bbox 785 2795 877 2849; x_wconf 87' lang='lat' dir='ltr'>natus</span> <span class='ocrx_word' id='word_1_241' title='bbox 892 2785 961 2849; x_wconf 83' lang='lat' dir='ltr'>haec</span> <span class='ocrx_word' id='word_1_242' title='bbox 973 2784 1115 2861; x_wconf 80' lang='lat' dir='ltr'>monilia,</span> <span class='ocrx_word' id='word_1_243' title='bbox 1131 2783 1164 2850; x_wconf 94' lang='grc'>0</span> <span class='ocrx_word' id='word_1_244' title='bbox 1178 2784 1235 2849; x_wconf 80' lang='lat' dir='ltr'>nli.</span> 
     </span>
     <span class='ocr_line' id='line_1_31' title="bbox 315 2871 1322 2958; baseline -0.004 -17"><span class='ocrx_word' id='word_1_245' title='bbox 315 2896 385 2942; x_wconf 80' lang='lat' dir='ltr'>ron.</span> <span class='ocrx_word' id='word_1_246' title='bbox 402 2873 515 2938; x_wconf 87' lang='lat' dir='ltr'>Insunt</span> <span class='ocrx_word' id='word_1_247' title='bbox 530 2873 599 2948; x_wconf 79' lang='lat' dir='ltr'>isti3</span> <span class='ocrx_word' id='word_1_248' title='bbox 623 2873 751 2938; x_wconf 83' lang='lat' dir='ltr'>tortium</span> <span class='ocrx_word' id='word_1_249' title='bbox 766 2885 869 2936; x_wconf 85' lang='lat' dir='ltr'>autem</span> <span class='ocrx_word' id='word_1_250' title='bbox 884 2873 1002 2956; x_wconf 68' lang='lat' dir='ltr'>signnm</span> <span class='ocrx_word' id='word_1_251' title='bbox 1018 2871 1112 2955; x_wconf 88' lang='lat' dir='ltr'>cupio</span> <span class='ocrx_word' id='word_1_252' title='bbox 1125 2891 1322 2958; x_wconf 61' lang='lat' dir='ltr'>cognonen.</span> 
     </span>
     <span class='ocr_line' id='line_1_32' title="bbox 315 2955 1083 3042; baseline -0.01 -14"><span class='ocrx_word' id='word_1_253' title='bbox 315 2981 389 3028; x_wconf 69' lang='lat' dir='ltr'>cnr.</span> <span class='ocrx_word' id='word_1_254' title='bbox 400 2959 559 3025; x_wconf 87' lang='lat' dir='ltr'>Coronam</span> <span class='ocrx_word' id='word_1_255' title='bbox 576 2981 617 3023; x_wconf 86' lang='lat' dir='ltr'>ex</span> <span class='ocrx_word' id='word_1_256' title='bbox 633 2960 685 3022; x_wconf 81' lang='lat' dir='ltr'>iila</span> <span class='ocrx_word' id='word_1_257' title='bbox 699 2961 769 3022; x_wconf 84' lang='lat' dir='ltr'>olen</span> <span class='ocrx_word' id='word_1_258' title='bbox 784 2957 919 3042; x_wconf 85' lang='lat' dir='ltr'>imposui</span> <span class='ocrx_word' id='word_1_259' title='bbox 934 2955 991 3020; x_wconf 91' lang='lat' dir='ltr'>tibi</span> <span class='ocrx_word' id='word_1_260' title='bbox 1005 2970 1083 3034; x_wconf 85' lang='lat' dir='ltr'>tum,</span> 
     </span>
    </p>

    <p class='ocr_par' dir='ltr' id='par_1_7' title="bbox 401 3041 1099 3132">
     <span class='ocr_line' id='line_1_33' title="bbox 401 3041 1099 3132; baseline -0.006 -22"><span class='ocrx_word' id='word_1_261' title='bbox 401 3044 508 3123; x_wconf 87' lang='lat' dir='ltr'>Quam</span> <span class='ocrx_word' id='word_1_262' title='bbox 522 3045 660 3132; x_wconf 88' lang='lat' dir='ltr'>primum</span> <span class='ocrx_word' id='word_1_263' title='bbox 679 3043 813 3110; x_wconf 74' lang='lat' dir='ltr'>Palladis</span> <span class='ocrx_word' id='word_1_264' title='bbox 826 3042 928 3107; x_wconf 81' lang='lat' dir='ltr'>edidit</span> <span class='ocrx_word' id='word_1_265' title='bbox 940 3041 1099 3127; x_wconf 83' lang='lat' dir='ltr'>scopulus.</span> 
     </span>
    </p>

    <p class='ocr_par' dir='ltr' id='par_1_8' title="bbox 402 3127 1288 3212">
     <span class='ocr_line' id='line_1_34' title="bbox 402 3127 1288 3212; baseline -0.008 -14"><span class='ocrx_word' id='word_1_266' title='bbox 402 3131 497 3212; x_wconf 81' lang='lat' dir='ltr'>Quse,</span> <span class='ocrx_word' id='word_1_267' title='bbox 512 3133 537 3197; x_wconf 85' lang='lat' dir='ltr'>si</span> <span class='ocrx_word' id='word_1_268' title='bbox 551 3129 655 3197; x_wconf 90' lang='lat' dir='ltr'>adhuc</span> <span class='ocrx_word' id='word_1_269' title='bbox 669 3132 766 3208; x_wconf 82' lang='lat' dir='ltr'>abest,</span> <span class='ocrx_word' id='word_1_270' title='bbox 784 3129 923 3193; x_wconf 91' lang='lat' dir='ltr'>nondum</span> <span class='ocrx_word' id='word_1_271' title='bbox 937 3127 1013 3192; x_wconf 84' lang='lat' dir='ltr'>folia</span> <span class='ocrx_word' id='word_1_272' title='bbox 1026 3127 1160 3194; x_wconf 81' lang='lat' dir='ltr'>visentis</span> <span class='ocrx_word' id='word_1_273' title='bbox 1173 3128 1288 3206; x_wconf 76' lang='lat' dir='ltr'>amisit,</span> 
     </span>
    </p>

    <p class='ocr_par' dir='ltr' id='par_1_9' title="bbox 316 3212 1263 3385">
     <span class='ocr_line' id='line_1_35' title="bbox 403 3212 1263 3296; baseline -0.007 -10"><span class='ocrx_word' id='word_1_274' title='bbox 403 3219 465 3286; x_wconf 84' lang='lat' dir='ltr'>Sed</span> <span class='ocrx_word' id='word_1_275' title='bbox 480 3219 570 3296; x_wconf 83' lang='lat' dir='ltr'>viret,</span> <span class='ocrx_word' id='word_1_276' title='bbox 586 3219 658 3282; x_wconf 87' lang='lat' dir='ltr'>cuni</span> <span class='ocrx_word' id='word_1_277' title='bbox 672 3239 713 3282; x_wconf 81' lang='lat' dir='ltr'>ex</span> <span class='ocrx_word' id='word_1_278' title='bbox 729 3239 793 3281; x_wconf 90' lang='lat' dir='ltr'>non</span> <span class='ocrx_word' id='word_1_279' title='bbox 809 3229 1020 3280; x_wconf 87' lang='lat' dir='ltr'>marcescente</span> <span class='ocrx_word' id='word_1_280' title='bbox 1033 3212 1103 3278; x_wconf 86' lang='lat' dir='ltr'>olea</span> <span class='ocrx_word' id='word_1_281' title='bbox 1117 3215 1157 3278; x_wconf 89' lang='lat' dir='ltr'>sit</span> <span class='ocrx_word' id='word_1_282' title='bbox 1170 3213 1263 3280; x_wconf 84' lang='lat' dir='ltr'>faeta.</span> 
     </span>
     <span class='ocr_line' id='line_1_36' title="bbox 316 3299 1201 3385; baseline -0.01 -11"><span class='ocrx_word' id='word_1_283' title='bbox 316 3327 385 3374; x_wconf 78' lang='lat' dir='ltr'>ron.</span> <span class='ocrx_word' id='word_1_284' title='bbox 398 3305 430 3368; x_wconf 95' lang='lat'>0</span> <span class='ocrx_word' id='word_1_285' title='bbox 444 3303 630 3370; x_wconf 84' lang='lat' dir='ltr'>charissima</span> <span class='ocrx_word' id='word_1_286' title='bbox 643 3303 721 3367; x_wconf 87' lang='lat' dir='ltr'>mihi</span> <span class='ocrx_word' id='word_1_287' title='bbox 737 3314 846 3380; x_wconf 87' lang='lat' dir='ltr'>mater,</span> <span class='ocrx_word' id='word_1_288' title='bbox 862 3315 898 3366; x_wconf 88' lang='lat' dir='ltr'>ut</span> <span class='ocrx_word' id='word_1_289' title='bbox 911 3299 1023 3366; x_wconf 89' lang='lat' dir='ltr'>lubens</span> <span class='ocrx_word' id='word_1_290' title='bbox 1036 3313 1069 3364; x_wconf 87' lang='lat' dir='ltr'>te</span> <span class='ocrx_word' id='word_1_291' title='bbox 1081 3300 1201 3385; x_wconf 78' lang='lat' dir='ltr'>aspicio</span> 
     </span>
    </p>

    <p class='ocr_par' dir='ltr' id='par_1_10' title="bbox 316 3386 1154 3559">
     <span class='ocr_line' id='line_1_37' title="bbox 402 3386 976 3480; baseline -0.009 -23"><span class='ocrx_word' id='word_1_292' title='bbox 402 3391 447 3458; x_wconf 77' lang='lat' dir='ltr'>Et</span> <span class='ocrx_word' id='word_1_293' title='bbox 461 3391 501 3456; x_wconf 87' lang='lat' dir='ltr'>ad</span> <span class='ocrx_word' id='word_1_294' title='bbox 517 3407 587 3455; x_wconf 83' lang='lat' dir='ltr'>tuas</span> <span class='ocrx_word' id='word_1_295' title='bbox 600 3411 695 3480; x_wconf 79' lang='lat' dir='ltr'>genae</span> <span class='ocrx_word' id='word_1_296' title='bbox 711 3389 843 3454; x_wconf 84' lang='lat' dir='ltr'>libenter</span> <span class='ocrx_word' id='word_1_297' title='bbox 856 3386 976 3452; x_wconf 88' lang='lat' dir='ltr'>accido.</span> 
     </span>
     <span class='ocr_line' id='line_1_38' title="bbox 316 3471 1154 3559; baseline -0.013 -13"><span class='ocrx_word' id='word_1_298' title='bbox 316 3499 391 3546; x_wconf 76' lang='lat' dir='ltr'>cna.</span> <span class='ocrx_word' id='word_1_299' title='bbox 401 3480 432 3542; x_wconf 93' lang='grc' dir='ltr'><strong>Ο</strong></span> <span class='ocrx_word' id='word_1_300' title='bbox 446 3477 502 3552; x_wconf 83' lang='lat' dir='ltr'>fiii,</span> <span class='ocrx_word' id='word_1_301' title='bbox 518 3475 550 3542; x_wconf 94' lang='grc' dir='ltr'>Ο</span> <span class='ocrx_word' id='word_1_302' title='bbox 565 3476 670 3541; x_wconf 91' lang='lat' dir='ltr'>lumen</span> <span class='ocrx_word' id='word_1_303' title='bbox 685 3475 802 3552; x_wconf 87' lang='lat' dir='ltr'>matris,</span> <span class='ocrx_word' id='word_1_304' title='bbox 819 3473 1017 3559; x_wconf 69' lang='lat' dir='ltr'>prestantius</span> <span class='ocrx_word' id='word_1_305' title='bbox 1031 3471 1154 3550; x_wconf 85' lang='lat' dir='ltr'>sole,-</span> 
     </span>
    </p>

    <p class='ocr_par' dir='ltr' id='par_1_11' title="bbox 402 3559 1385 3654">
     <span class='ocr_line' id='line_1_39' title="bbox 402 3559 1385 3654; baseline -0.011 -26"><span class='ocrx_word' id='word_1_306' title='bbox 402 3563 550 3654; x_wconf 78' lang='lat' dir='ltr'>Ignoscet</span> <span class='ocrx_word' id='word_1_307' title='bbox 563 3565 646 3627; x_wconf 89' lang='lat' dir='ltr'>enim</span> <span class='ocrx_word' id='word_1_308' title='bbox 662 3563 737 3627; x_wconf 79' lang='lat' dir='ltr'>milti</span> <span class='ocrx_word' id='word_1_309' title='bbox 749 3560 901 3626; x_wconf 88' lang='lat' dir='ltr'>deus-in</span> <span class='ocrx_word' id='word_1_310' title='bbox 917 3559 1063 3624; x_wconf 88' lang='lat' dir='ltr'>manibus</span> <span class='ocrx_word' id='word_1_311' title='bbox 1077 3571 1109 3624; x_wconf 87' lang='lat' dir='ltr'>te</span> <span class='ocrx_word' id='word_1_312' title='bbox 1123 3559 1235 3636; x_wconf 82' lang='lat' dir='ltr'>habeo,</span> <span class='ocrx_word' id='word_1_313' title='bbox 1313 3559 1385 3619; x_wconf 73' lang='grc'><strong>1440</strong></span> 
     </span>
    </p>

    <p class='ocr_par' dir='ltr' id='par_1_12' title="bbox 401 3643 1260 3736">
     <span class='ocr_line' id='line_1_40' title="bbox 401 3643 1260 3736; baseline -0.008 -21"><span class='ocrx_word' id='word_1_314' title='bbox 401 3651 599 3736; x_wconf 84' lang='lat' dir='ltr'>Inaperstum</span> <span class='ocrx_word' id='word_1_315' title='bbox 615 3649 787 3726; x_wconf 86' lang='lat' dir='ltr'>inventum,</span> <span class='ocrx_word' id='word_1_316' title='bbox 802 3668 893 3734; x_wconf 84' lang='lat' dir='ltr'>quesn</span> <span class='ocrx_word' id='word_1_317' title='bbox 909 3646 968 3710; x_wconf 88' lang='lat' dir='ltr'>sub</span> <span class='ocrx_word' id='word_1_318' title='bbox 981 3643 1154 3710; x_wconf 84' lang='lat' dir='ltr'>inferorum</span> <span class='ocrx_word' id='word_1_319' title='bbox 1168 3667 1260 3732; x_wconf 82' lang='lat' dir='ltr'>specu</span> 
     </span>
    </p>

    <p class='ocr_par' dir='ltr' id='par_1_13' title="bbox 316 3721 1351 3903">
     <span class='ocr_line' id='line_1_41' title="bbox 404 3721 1351 3816; baseline -0.006 -14"><span class='ocrx_word' id='word_1_320' title='bbox 404 3736 614 3802; x_wconf 86' lang='lat' dir='ltr'>Subterraneo</span> <span class='ocrx_word' id='word_1_321' title='bbox 629 3749 746 3800; x_wconf 90' lang='lat' dir='ltr'>etcum</span> <span class='ocrx_word' id='word_1_322' title='bbox 765 3733 953 3816; x_wconf 79' lang='lat' dir='ltr'>Proserpina</span> <span class='ocrx_word' id='word_1_323' title='bbox 966 3731 1185 3798; x_wconf 72' lang='lat' dir='ltr'>existimabam</span> <span class='ocrx_word' id='word_1_324' title='bbox 1201 3721 1351 3796; x_wconf 75' lang='lat' dir='ltr'>habitare!</span> 
     </span>
     <span class='ocr_line' id='line_1_42' title="bbox 316 3817 1117 3903; baseline -0.01 -14"><span class='ocrx_word' id='word_1_325' title='bbox 316 3845 387 3890; x_wconf 80' lang='lat' dir='ltr'>ron.</span> <span class='ocrx_word' id='word_1_326' title='bbox 404 3823 461 3903; x_wconf 81' lang='lat' dir='ltr'>At,</span> <span class='ocrx_word' id='word_1_327' title='bbox 477 3823 509 3888; x_wconf 95' lang='grc' dir='ltr'><strong>Ο</strong></span> <span class='ocrx_word' id='word_1_328' title='bbox 524 3821 620 3887; x_wconf 88' lang='lat' dir='ltr'>chara</span> <span class='ocrx_word' id='word_1_329' title='bbox 635 3819 711 3885; x_wconf 89' lang='lat' dir='ltr'>mihi</span> <span class='ocrx_word' id='word_1_330' title='bbox 726 3834 835 3897; x_wconf 84' lang='lat' dir='ltr'>muter,</span> <span class='ocrx_word' id='word_1_331' title='bbox 848 3820 881 3883; x_wconf 92' lang='lat' dir='ltr'>in</span> <span class='ocrx_word' id='word_1_332' title='bbox 896 3817 1041 3882; x_wconf 83' lang='lat' dir='ltr'>manibus</span> <span class='ocrx_word' id='word_1_333' title='bbox 1054 3817 1117 3882; x_wconf 83' lang='lat' dir='ltr'>tuis</span> 
     </span>
    </p>

    <p class='ocr_par' dir='ltr' id='par_1_14' title="bbox 316 3903 1226 4080">
     <span class='ocr_line' id='line_1_43' title="bbox 401 3903 1226 3991; baseline -0.008 -17"><span class='ocrx_word' id='word_1_334' title='bbox 401 3911 550 3974; x_wconf 83' lang='lat' dir='ltr'>Mortuus</span> <span class='ocrx_word' id='word_1_335' title='bbox 565 3921 596 3972; x_wconf 89' lang='lat' dir='ltr'>et</span> <span class='ocrx_word' id='word_1_336' title='bbox 611 3929 673 3972; x_wconf 89' lang='lat' dir='ltr'>nou</span> <span class='ocrx_word' id='word_1_337' title='bbox 689 3917 832 3970; x_wconf 83' lang='lat' dir='ltr'>mortuus</span> <span class='ocrx_word' id='word_1_338' title='bbox 845 3903 1069 3991; x_wconf 71' lang='lat' dir='ltr'>imaginatione</span> <span class='ocrx_word' id='word_1_339' title='bbox 1082 3903 1226 3989; x_wconf 79' lang='lat' dir='ltr'>aspicior.</span> 
     </span>
     <span class='ocr_line' id='line_1_44' title="bbox 316 3990 1078 4080; baseline -0.012 -18"><span class='ocrx_word' id='word_1_340' title='bbox 316 3995 448 4071; x_wconf 69' lang='lat' dir='ltr'>mulo,</span> <span class='ocrx_word' id='word_1_341' title='bbox 465 3995 507 4073; x_wconf 85' lang='lat' dir='ltr'>io,</span> <span class='ocrx_word' id='word_1_342' title='bbox 523 3992 713 4080; x_wconf 76' lang='lat' dir='ltr'>spiurdentis</span> <span class='ocrx_word' id='word_1_343' title='bbox 725 3993 851 4058; x_wconf 83' lang='lat' dir='ltr'>aetheris</span> <span class='ocrx_word' id='word_1_344' title='bbox 864 3990 1078 4076; x_wconf 79' lang='lat' dir='ltr'>expansionee,</span> 
     </span>
    </p>

    <p class='ocr_par' dir='ltr' id='par_1_15' title="bbox 401 4078 777 4157">
     <span class='ocr_line' id='line_1_45' title="bbox 401 4078 777 4157; baseline -0.008 -12"><span class='ocrx_word' id='word_1_345' title='bbox 401 4081 509 4157; x_wconf 86' lang='lat' dir='ltr'>Quam</span> <span class='ocrx_word' id='word_1_346' title='bbox 526 4103 633 4146; x_wconf 85' lang='lat' dir='ltr'>vocem</span> <span class='ocrx_word' id='word_1_347' title='bbox 648 4078 777 4156; x_wconf 82' lang='lat' dir='ltr'>sonabo,</span> 
     </span>
    </p>

    <p class='ocr_par' dir='ltr' id='par_1_16' title="bbox 402 4164 780 4232">
     <span class='ocr_line' id='line_1_46' title="bbox 402 4164 780 4232; baseline -0.008 -2"><span class='ocrx_word' id='word_1_348' title='bbox 402 4165 583 4232; x_wconf 75' lang='lat' dir='ltr'>Clmnubo?</span> <span class='ocrx_word' id='word_1_349' title='bbox 604 4166 688 4231; x_wconf 91' lang='lat' dir='ltr'>unde</span> <span class='ocrx_word' id='word_1_350' title='bbox 703 4164 780 4230; x_wconf 89' lang='lat' dir='ltr'>mihi</span> 
     </span>
    </p>

    <p class='ocr_par' dir='ltr' id='par_1_17' title="bbox 401 4246 1011 4339">
     <span class='ocr_line' id='line_1_47' title="bbox 401 4246 1011 4339; baseline 0 -22"><span class='ocrx_word' id='word_1_351' title='bbox 401 4253 551 4320; x_wconf 86' lang='lat' dir='ltr'>Occurrit</span> <span class='ocrx_word' id='word_1_352' title='bbox 566 4255 722 4338; x_wconf 80' lang='lat' dir='ltr'>insperato</span> <span class='ocrx_word' id='word_1_353' title='bbox 737 4246 906 4339; x_wconf 80' lang='lat' dir='ltr'>voluptas?</span> <span class='ocrx_word' id='word_1_354' title='bbox 927 4248 1011 4318; x_wconf 84' lang='lat' dir='ltr'>unde</span> 
     </span>
    </p>
   </div>
   <div class='ocr_carea' id='block_1_5' title="bbox 0 0 1462 4856">
    <p class='ocr_par' dir='ltr' id='par_1_18' title="bbox 0 0 1462 4856">
     <span class='ocr_line' id='line_1_48' title="bbox 0 0 1462 4856; baseline 0 0"><span class='ocrx_word' id='word_1_355' title='bbox 0 0 1462 4856; x_wconf 95' lang='lat' dir='ltr'> </span> 
     </span>
    </p>
   </div>
  </div>
 </body>
</html>
