2852 4862
273 229 339 288 480
653 217 984 288 EURIPIDIS

359 395 532 484 Lacrymus
545 395 686 462 emittet:
707 409 849 482 spectate
863 417 999 476 sursum,
1016 411 1048 465 et
1065 421 1128 466 nun
1144 399 1301 466 deorsum.

272 483 419 562 cnmIIn,
435 483 477 549 od
490 485 594 570 ipsum
609 483 721 548 lovem
736 484 847 570 oculos
860 485 1047 567 attollimus,

360 572 403 637 Et
416 582 502 637 estre
515 583 548 636 et
562 568 717 636 Orionem
733 571 882 655 suspicio.

272 679 344 726 cuc.
355 657 531 725 Prandium
545 672 633 723 estne
649 657 729 722 bene
742 656 914 743 peratum?

269 767 348 812 ceto.
360 745 434 811 Est:
457 744 563 810 fauces
578 743 676 808 modo
690 745 756 809 sint
768 759 898 829 perotus.

271 853 340 899 erc.
353 836 404 898 An
420 833 515 898 etiem
531 832 612 897 lecte
629 845 704 896 suut
718 844 854 896 crateres
868 829 980 917 pleni?

269 919 401 985 cu0.Ut
415 919 543 984 ebibere
556 922 666 1005 possis,
682 919 707 984 si
723 920 809 995 velis,
827 933 928 984 totum
943 917 1075 986 dolium.

271 1028 342 1074 cuc.
354 1005 549 1084 Ovillumue,
565 1029 605 1070 un
622 1005 784 1082 berillum,
801 1027 841 1069 on
860 1005 1019 1070 mixtum?

270 1115 347 1158 cuo.
354 1091 579 1182 Quodcunque
595 1109 628 1156 tu
645 1092 798 1158 volueris:
824 1115 863 1156 ne
879 1113 929 1155 me
943 1092 1100 1180 deglutias
1114 1106 1250 1160 tuntum.

269 1201 342 1245 cuc.
357 1179 512 1244 Miniure:
536 1180 612 1266 quio
626 1180 657 1248 in
675 1179 782 1244 medio
795 1193 904 1243 ventre
1301 1189 1356 1246 920

356 1266 513 1332 saltantes
527 1290 572 1329 me
587 1265 761 1350 perderetis
778 1266 826 1328 Itis
842 1267 949 1332 uestris
962 1267 1309 1354 gesticulationibus.-

357 1356 436 1440 Age‚
453 1375 547 1440 quam
561 1353 689 1417 turbem
705 1352 789 1417 benc
804 1351 896 1417 video
911 1352 951 1416 ud
967 1352 1114 1418 stabulo?

251 1507 254 1516 ,
358 1439 529 1504 Proedones
544 1437 685 1525 quidem,
700 1452 755 1504 eut
770 1438 855 1504 sures
871 1438 1063 1524 stipulerunt
1078 1441 1119 1506 od
1135 1444 1212 1506 huuc
1228 1457 1352 1506 terrem:
1422 1427 1423 1498 l

354 1525 460 1590 Video
475 1541 560 1591 certe
575 1527 631 1590 hos
646 1547 747 1614 agnos
760 1547 800 1590 ex
816 1527 893 1592 meis
908 1527 1038 1591 stabulis

353 1613 461 1678 Tortis
475 1613 646 1677 viminibus
660 1635 795 1698 corpore
810 1610 987 1699 colligatos,

355 1699 398 1764 Et
413 1723 485 1765 vesu
500 1722 663 1765 caseorum
678 1701 855 1778 commissu,
871 1701 1001 1786 senique

354 1786 462 1872 Plagis
476 1786 611 1852 frontem
628 1787 749 1851 calvam
766 1788 960 1852 intumuisse.

266 1893 328 1938 su..
354 1873 430 1940 Heu
447 1873 534 1949 milri,
550 1873 695 1939 febricito
708 1887 857 1938 contusus
873 1875 977 1938 miser.

268 1981 338 2026 cuc.
352 1963 381 2026 A
396 1959 484 2047 quo?
506 1961 576 2047 quis
591 1963 623 2024 in
640 1975 732 2026 tuum
747 1977 842 2048 ceput
858 1959 1139 2047 pugnos-incussit,
1156 1961 1277 2027 senex?

266 2067 328 2112 su..
351 2047 405 2114 Ab
419 2045 532 2129 hissui
543 2069 706 2130 percussure,
721 2048 798 2134 quie
812 2061 866 2112 tuo
882 2069 945 2111 nou
962 2047 1101 2110 sinebam
1116 2071 1171 2112 eos
1186 2049 1315 2114 auferre.

265 2154 337 2199 cuc.
350 2135 423 2198 Non
439 2133 580 2199 sciebant
596 2155 646 2198 me
661 2135 768 2211 deum,
784 2148 846 2198 ete
863 2133 924 2198 diis
940 2133 1168 2221 progenitum?
1296 2143 1349 2201 eut
1422 2149 1423 2210 l

267 2241 328 2286 sm.
351 2220 430 2285 Dixi
445 2243 506 2309 ego
521 2222 601 2302 isto3
626 2221 671 2286 illi
686 2235 792 2286 tomen
808 2219 991 2286 auferebant
1002 2243 1051 2284 res
1061 2231 1144 2285 tuus.-
1422 2221 1423 2238 ¹

353 2306 397 2372 Et
410 2329 548 2384 caseum,
565 2331 613 2372 me
627 2329 691 2372 non
707 2309 921 2393 permittente,
938 2307 1155 2386 comederunt,

354 2391 397 2458 Et
411 2393 471 2459 bos
486 2415 585 2481 agnos
598 2395 788 2460 efferebant:
812 2395 946 2481 ligantes
961 2409 1065 2460 eutem
1081 2409 1114 2460 te

351 2479 406 2544 Ad
421 2479 543 2568 lignum
559 2481 751 2557 tricubitem,
767 2503 873 2546 curem
889 2481 984 2546 oculo
998 2497 1055 2547 tuo
1070 2483 1188 2558 medio,

350 2567 482 2632 Viscero
495 2568 644 2633 dicebant
659 2591 693 2633 se
707 2569 737 2632 vi
751 2584 944 2646 exsecturos

351 2653 395 2720 Et
408 2654 541 2757 flagellis
557 2668 647 2721 tuum
663 2669 788 2741 tergum
805 2655 887 2719 belle
901 2656 1124 2720 excorieturos
1138 2677 1217 2732 esse,

352 2741 394 2806 Et
409 2741 525 2808 demde
539 2755 570 2807 te
584 2744 804 2824 constrictum,
820 2743 852 2805 in
868 2742 977 2806 tubulc

350 2829 450 2894 Novis
464 2830 625 2917 injectum,
642 2829 826 2895 vendituros
841 2851 909 2894 csse
923 2830 1029 2908 elicui,

353 2915 399 2980 Ut
413 2937 492 2981 sexu
507 2917 646 2982 vectibus
661 2939 815 2992 moveres,
829 2930 885 2980 out
899 2919 932 2980 in
948 2918 1084 3002 pistrino
1094 2915 1202 3006 fruges
1215 2915 1351 2981 moleret·
1422 2913 1423 2954 l

263 3023 335 3068 erc.
348 3001 440 3067 Itone
453 2999 525 3067 est?
540 3026 608 3069 non·
620 3004 718 3092 igitur
731 3004 861 3090 cupidos
876 3025 970 3090 quom
986 3003 1150 3068 celerrime
1162 3005 1279 3069 rudens
1293 3009 1346 3067 est

350 3089 456 3154 Aones
469 3089 605 3176 gladios,
620 3104 652 3155 et
667 3113 818 3179 magnum
834 3088 949 3155 fascem
966 3089 1126 3178 lignorum

348 3177 423 3260 Igm'
437 3176 620 3261 impositum
638 3177 811 3243 incendes?
833 3191 878 3255 ut,
894 3177 1025 3242 mactati
1040 3177 1158 3255 stetim,

349 3261 398 3326 Im
424 3265 509 3327 leont
525 3277 667 3328 ventrem
684 3285 788 3329 meum
805 3285 847 3331 ex
863 3264 1055 3329 corbonibus

349 3283 497 3414 Calidum
513 3349 635 3416 edentis
649 3350 754 3416 cibum
771 3351 839 3416 sine
852 3350 919 3416 ullo
934 3354 1068 3416 curuum
1080 3353 1281 3428 dmnhutcm

348 3437 476 3502 Coetero
489 3459 563 3502 reru
579 3459 619 3502 ex
634 3437 736 3503 lebete
750 3449 841 3504 cocto
857 3451 889 3502 et
903 3438 1003 3502 elixo:

347 3522 415 3600 Qui
430 3524 560 3590 sotiatus
573 3547 638 3591 sum
652 3525 732 3590 cibis
747 3527 924 3590 montenis:

348 3611 431 3676 Setis
445 3610 572 3676 leonum
588 3609 731 3699 epulanti
745 3611 825 3676 milri
839 3627 887 3676 est

348 3697 589 3800 cervorumque
608 3699 675 3785 jorn
698 3699 823 3784 pridem
845 3720 921 3764 vero
945 3698 1048 3764 nullus
1069 3697 1229 3764 humanus
1248 3717 1352 3764 comes
1422 3699 1423 3746 ἕ

434 3807 553 3852 vorem.

259 3889 321 3937 stt..
346 3869 441 3937 Nove
454 3873 821 3959 eduliepostconsuetu,
839 3873 873 3937 0
887 3871 1026 3950 domine,
1293 3879 1351 3937 25⁰
1422 3881 1423 3942 l

346 3959 428 4024 Sunt
442 3959 643 4025 dulcissimo:
667 3959 832 4024 nonenim
848 3979 957 4023 recens

345 4043 409 4109 Alii
423 4045 464 4110 ed
480 4047 563 4112 intro
578 4046 648 4112 boec
662 4059 819 4112 venerunt
833 4043 984 4129 hospites.

259 4130 492 4280 uumgpclops,
508 4135 582 4200 sudi
597 4133 732 4198 vicissim
748 4147 780 4197 et
794 4133 944 4218 hospites.

378 4235 415 4281 os
429 4221 590 4304 cupientes
604 4221 666 4286 cibi
682 4223 875 4306 emptionem
892 4219 1037 4305 occipere

348 4303 453 4389 Prope
467 4319 521 4369 tue
535 4321 627 4372 entre
641 4308 783 4374 venimus
797 4331 816 4372 u
831 4307 923 4372 neeis
