2824 4860
498 153 757 284 rinconi.

166 385 235 456 Ubi
244 389 429 466 omentum,
444 411 510 476 quo
522 391 657 470 flectam,
673 413 737 477 quo
751 389 863 456 vadam
877 394 888 456 1

166 475 265 541 Neris
278 474 549 562 quemadmodum
565 479 694 543 marinis
708 477 835 542 funibus
848 477 967 542 lineum

166 561 282 627 Velum
297 559 530 640 administrans,

167 649 220 714 Ad
234 649 298 713 hoc
312 671 487 734 properans
501 651 674 716 liberorum
688 671 831 716 meorum
849 663 954 716 custos
1086 660 1169 718 1060

166 735 304 800 Exitiele
318 735 444 800 cubile?

89 821 200 889 cno.O
213 821 334 898 infelix,
349 843 444 907 quam
459 822 517 888 tibi
533 823 743 888 intolerabilia
755 823 925 888 factasunt
940 823 1041 899 molor

167 909 307 974 Facienti
320 929 396 974 vero
410 909 527 994 turpia,
542 931 641 976 seres
654 931 765 996 poenas

166 995 256 1061 Dens
270 993 370 1076 dedit,
385 996 567 1082 quicunque
580 1011 627 1061 est
641 995 698 1061 tibi
712 995 862 1062 infensus.

89 1101 158 1149 rot.
167 1081 231 1159 Ah,
247 1080 301 1162 eh,
319 1081 356 1146 lo
371 1080 521 1146 Thracios

168 1165 344 1245 Hestifera,
359 1182 493 1250 000010,
508 1170 669 1254 equestris,
688 1167 779 1234 Mar·

166 1254 557 1418 tlzrxscffiulffilidael

168 1427 361 1506 Clamorem,
375 1426 546 1492 clamorem
561 1428 674 1507 clamo,
690 1427 880 1502 clamorem3

166 1514 224 1590 Ite,
238 1514 344 1578 venite
357 1535 416 1598 per
430 1514 518 1578 deor.
1084 1515 1167 1590 1010

165 1601 267 1666 Audit
280 1599 373 1686 quis?
397 1621 437 1664 00
454 1621 548 1665 nemo
562 1621 654 1685 opem
670 1600 773 1666 feret?
795 1600 871 1687 quid
886 1597 1104 1664 cunctamini?

166 1687 323 1752 Mulieres
337 1686 544 1772 perdiderunt
558 1709 620 1768 me,

166 1772 321 1838 Mulieres
335 1775 462 1859 captivi.

167 1860 297 1936 Gravis,
313 1860 426 1959 grevia
438 1861 520 1945 possi
535 1882 653 1924 sumus.

165 1948 240 2012 Heu
254 1945 335 2009 mim
349 1947 392 2010 ob
406 1968 511 2011 meum
527 1947 659 2010 exitium
673 1944 680 2009 l

166 2033 241 2110 Quo
255 2029 385 2096 vertor?
406 2055 471 2119 quo
483 2031 562 2097 ibo?

169 2123 281 2184 Aerem
297 2118 466 2204 pervolans
481 2119 638 2184 coelestem
655 2118 699 2183 el·

168 2217 231 2271 tem
246 2205 281 2269 in
297 2206 441 2284 domum,

166 2292 269 2358 Orion
284 2303 340 2356 cut
356 2291 457 2357 Sirius
471 2279 527 2356 ubi
542 2291 622 2380 ignis
636 2291 798 2354 flammeos
806 2291 856 2376 ju-

166 2381 208 2444 cit
220 2379 262 2444 eb
273 2377 373 2443 oculis
387 2375 516 2442 radios?
1085 2380 1168 2439 1080

165 2469 230 2531 Aut
244 2466 284 2529 ed
301 2464 447 2530 Plutonis
462 2477 565 2530 etrum
582 2463 633 2528 lit·
654 2517 657 2522 .

165 2565 320 2617 tuoruum
336 2549 453 2616 miser?

90 2657 156 2702 cuo.
169 2635 414 2726 ignoscendum,
425 2637 554 2724 quando
562 2637 632 2724 quis
641 2637 771 2722 majora,
781 2657 874 2722 quam
887 2635 1073 2720 l'erreporsr't
1085 2630 1168 2696 mele

167 2725 302 2804 Patitur,
316 2723 433 2788 misera
446 2723 586 2824 effugere
601 2746 619 2787 e
632 2723 708 2787 vita.

91 2833 159 2876 ros.
171 2811 319 2876 Clamore
333 2811 445 2876 audito
459 2831 547 2875 vem:
572 2831 635 2874 000
651 2809 735 2873 enim
750 2808 923 2895 tranquilla

169 2898 270 2984 Rupis
284 2913 445 2962 montanae
460 2897 526 2961 11110
540 2897 681 2960 insonuit
693 2917 750 2980 per
764 2896 937 2960 exercitum

168 2983 268 3061 Echo,
283 2984 430 3069 praebens
445 2983 628 3048 tumultum.
675 2981 709 3047 Si
724 3003 798 3046 vero
813 3003 877 3046 non
895 2981 1058 3068 Phrygum

168 3070 287 3135 Turres
302 3071 451 3134 cecidisse
464 3071 659 3134 scivissemus
674 3071 862 3132 (trecorum
877 3068 978 3147 horte,
1083 3123 1089 3138 ,

167 3157 336 3222 Terrorem
350 3155 539 3243 prebuisset
552 3176 616 3220 non
631 3153 832 3220 mediocriter
846 3153 898 3220 iric
912 3176 1017 3220 sonus.

92 3263 155 3308 rou.
165 3243 197 3308 0
211 3242 516 3308 charissime-sensi
531 3243 626 3317 enim,
644 3241 676 3306 Ο
691 3243 921 3330 Agamemnon,
936 3254 1024 3306 tuam
1038 3263 1104 3305 esse

166 3329 297 3408 Vocem,
313 3342 350 3394 ut
363 3328 599 3394 rudivi-vides
614 3350 686 3415 quae
702 3327 860 3410 petimur?
1084 3335 1162 3392 1091

92 3417 246 3505 conlige,
264 3417 459 3566 Polpmestor
475 3416 507 3481 Ο
521 3414 642 3494 infelix,
654 3416 723 3500 quis
737 3427 769 3479 te
781 3413 943 3498 perdidit?

168 3503 249 3580 Quis
262 3525 323 3568 oou
337 3525 391 3568 um
404 3502 478 3567 fecit
493 3523 626 3579 coecum,
641 3514 809 3566 cruentans
819 3500 966 3588 pupulas,

169 3589 328 3676 Filiosque
341 3589 400 3654 hos
414 3587 593 3654 interfecit?
613 3604 698 3652 certe
709 3609 856 3673 magnam
872 3590 952 3652 irem

168 3675 346 3742 Adversum
361 3689 437 3741 teet
451 3675 534 3740 filios
548 3674 668 3755 habuit,
684 3675 865 3762 quicunque
877 3674 973 3740 luerit
987 3693 1071 3738 sune.

92 3781 153 3826 ror..
163 3761 299 3828 Hecube
312 3785 365 3828 me
379 3785 451 3828 cum
466 3761 653 3848 mulieribus
668 3761 798 3846 captivis

168 3848 323 3926 Perdidit,
338 3869 403 3913 non
418 3848 566 3936 perdidit,
582 3847 636 3912 red
652 3847 798 3934 emplius.

92 3935 255 4012 roaQuid
268 3934 372 4002 dicis?
394 3935 447 4000 Tu
461 3935 524 4000 hoc
538 3957 619 4099 opp:
632 3935 744 4012 iecisti,
760 3948 796 3998 ut
810 3931 914 3998 dicit?

165 4023 215 4086 Tu
229 4022 406 4098 audacium,
423 4022 455 4087 O
471 4022 566 4087 Hecu
630 4019 713 4086 hunc
727 4019 889 4106 suscepisti
904 4015 1113 4085 immensum?

90 4125 151 4173 rou.
161 4108 228 4174 Hei
243 4109 332 4190 mihi,
347 4109 425 4196 quid
439 4109 535 4184 dicim
559 4129 642 4172 aune
651 4129 753 4195 prope
766 4119 813 4172 est
826 4105 968 4174 alicubi?
1085 4112 1170 4170 1100

166 4195 329 4283 significa,
345 4199 395 4262 dic
410 4198 466 4261 ubi
480 4211 537 4274 est,
550 4208 588 4260 ut
602 4195 726 4278 rapiens
740 4193 886 4260 manibus

163 4282 356 4371 Discerpem
370 4296 402 4349 et
414 4301 576 4349 eruentem
592 4303 717 4369 corpus.
