2852 4862
662 236 985 304 EURIPIDIS

372 414 740 565 Oculosdppntarqueus,
761 435 826 476 uon
852 413 998 488 nandans,
1021 433 1096 496 quaa
1114 415 1232 481 scatira
1252 435 1343 480 coare

439 501 487 577 ni
548 511 571 576 t,

372 591 403 653 Α
420 587 548 652 Baccho
563 585 788 670 possidebatur,
804 606 906 672 usque
920 585 1071 652 Posthac
1083 607 1154 652 eam
1167 588 1263 654 flexit.

373 675 435 740 Sed
449 670 688 758 apprehendens
699 671 846 762 manibus
860 671 1017 738 Qunam
1033 671 1097 758 qius
1109 695 1250 752 mam,

372 761 525 826 Insisteus
538 757 688 823 lateribus
701 758 815 833 miseri,
881 803 884 808 -
1282 765 1347 828 ΙΝ)

270 885 277 898 ·
371 845 495 912 Avulsit
510 844 687 922 humerum,
703 865 766 906 uon
783 843 906 918 robore,

374 932 438 998 Sed
451 934 518 1017 ipsa
531 931 610 995 deus
623 929 802 994 facilitatem
816 928 955 998 addebat
967 931 1124 996 manibus.

374 1017 436 1084 Ino
450 1039 525 1082 raro
538 1017 673 1082 alterum
689 1017 768 1080 luas
781 1015 975 1096 conficiebat,

378 1105 543 1187 Rumpens
556 1125 694 1178 camena
711 1105 859 1166 Autonoe
873 1124 958 1180 reru,
973 1117 1006 1166 et
1019 1115 1105 1168 tom:
1119 1119 1218 1170 catus

375 1191 517 1254 Instabat
528 1189 738 1254 Baccharum:
754 1200 821 1251 crat
830 1205 933 1252 autem
944 1191 1349 1276 omnigenussimulclamm

374 1277 441 1342 Hic
461 1276 591 1426 gaggam
609 1273 842 1360 ingemiscebat,
865 1287 1016 1361 quantum
1040 1275 1146 1342 adbtm
1167 1278 1289 1363 spiritns
1306 1275 1350 1340 lu-

374 1448 443 1514 lllae
457 1470 533 1512 vero
546 1446 724 1513 ululabant:
747 1448 809 1512 alia
822 1459 927 1515 autem
938 1447 1080 1534 rapiebat
1093 1449 1269 1528 brachium,

372 1534 444 1601 Alia
459 1557 533 1599 vero
546 1533 660 1620 pedem
674 1556 747 1598 cum
761 1535 836 1620 ipsis
849 1535 957 1600 soleis:
979 1533 1183 1600 nudabantur
1196 1551 1295 1604 autem

375 1621 492 1686 latera
505 1620 766 1685 lacerationibus:
788 1619 940 1707 quaslibet
952 1642 1037 1698 vero,
1052 1636 1219 1688 cruentata

375 1707 539 1785 Manibus,
556 1709 589 1770 iu
604 1707 1002 1793 pilae-morem-disjiciebat
1014 1729 1123 1772 carnae
1139 1708 1356 1774 Pandarum

374 1793 464 1858 Iacet
479 1815 552 1857 vcro
565 1793 690 1857 divisim
705 1815 830 1878 corpus,
846 1792 917 1856 hoec
952 1791 1056 1858 uidem
1065 1815 1147 1877 pura
1158 1796 1219 1861 sub
1233 1793 1338 1882 amuis

377 1881 477 1957 Saxis,
493 1879 563 1944 boec
576 1901 652 1944 vero
665 1877 761 1966 sylam
775 1880 807 1942 in
823 1879 926 1944 densis
1012 1879 1115 1957 dibus,

375 1965 423 2032 Ut
438 1987 501 2030 nou
516 1965 607 2030 facile
621 1965 754 2030 inveniri
768 1967 884 2050 possit:
906 1965 1055 2029 miserum
1069 1987 1145 2031 veru
1159 1983 1265 2052 caput,

376 2051 473 2128 Quod
489 2065 589 2117 mater
603 2052 749 2115 manibus
759 2051 852 2136 capit,

375 2139 493 2202 Fixum
509 2139 541 2202 in
556 2157 680 2202 summo
694 2136 815 2222 thyrso,
831 2149 867 2202 ut
881 2137 1023 2202 montani

375 2225 492 2289 Leonis
506 2223 685 2288 circumfert
698 2245 757 2309 per
770 2223 908 2288 medium
926 2223 1154 2302 Cithaeronem,

375 2311 507 2375 Relictis
521 2309 680 2374 sororibus
693 2311 726 2372 in
741 2308 845 2372 choris
862 2309 1060 2373 Marasdum.

375 2397 499 2461 Incedit
512 2409 630 2475 autam,
645 2394 759 2460 infelici
774 2397 884 2480 praeda
897 2395 1091 2481 superbiens,

375 2483 465 2548 Intra
477 2481 549 2546 hacc
564 2483 691 2556 moeuia,
706 2502 822 2546 vocans
837 2480 1009 2558 Bacchum,

376 2569 504 2633 Sociuro
522 2569 707 2646 venationis
721 2581 754 2631 et
767 2568 800 2630 in
814 2567 924 2652 praeda
937 2566 1092 2650 'capienda
1105 2569 1239 2646 audura,
1290 2575 1359 2632 troc
1406 2574 1407 2656 l

376 2655 546 2720 Praeclarae
560 2655 701 2718 victoriae
714 2667 868 2730 autorem,
884 2675 978 2740 quam
993 2653 1037 2717 ob
1057 2655 1201 2737 prodam
1222 2656 1363 2742 hayna
1406 2659 1407 2733 l

460 2739 747 2826 provictoriafert,
1387 2783 1393 2794 ·

377 2827 449 2930 Ego
463 2829 569 2914 itaque
580 2825 693 2912 procul
708 2826 750 2890 ab
764 2825 833 2890 brac
847 2825 1023 2892 calamitate

375 2913 525 2990 Discedo,
541 2913 723 2999 priusquam
737 2913 847 3000 Agave
859 2911 990 2976 domum
1002 2913 1118 2976 veniat.

375 2999 561 3064 Modestum
576 3013 681 3063 autern
696 3019 763 3062 csse
777 3011 809 3062 et
823 3000 963 3062 venerari
979 2999 1123 3064 Deorum
1137 3002 1274 3077 mni-a

374 3087 470 3150 Hanc
484 3109 501 3150 e
525 3085 629 3150 uidem
644 3097 722 3170 puto
737 3083 980 3169 pulcherrimam
994 3097 1026 3148 ct
1040 3086 1301 3170 sapientissiaaam

212 3233 218 3250 ,
377 3107 569 3236 Mortalibua
582 3193 651 3235 esse
665 3193 742 3247 rem,
758 3169 829 3247 illis,
844 3171 898 3258 qui
913 3171 957 3236 sic
972 3171 1102 3236 faciunt

290 3279 366 3323 cuo.
377 3256 578 3322 Celebrcmus
595 3255 769 3322 Bacchum.

376 3342 598 3407 Exclamemus
612 3343 823 3408 calamitatem

377 3429 511 3495 Penthei
525 3429 672 3494 draconis
686 3428 776 3514 prole
788 3427 897 3515 geniti,

375 3515 442 3592 Qui
457 3514 638 3580 foemineam
651 3529 767 3580 vestem

375 3601 420 3666 Et
434 3601 564 3666 ferulam
579 3623 707 3690 gravem
722 3601 897 3684 cuspidem,

376 3691 510 3774 Accepit
524 3687 632 3774 thyrso
647 3687 828 3764 involutam,

375 3775 520 3840 Taurum
536 3775 647 3839 ducam
662 3772 847 3838 calamitatis
860 3770 988 3836 babeas.

375 3861 408 3925 Ο
422 3861 558 3926 Baocbae
574 3860 734 3937 Cadmeae,

378 3947 515 4012 Cannen
530 3947 682 4034 inclytum
696 3945 889 4030 triomphale
901 3943 976 4008 lecit

376 4029 416 4096 lu
431 4033 563 4110 luctum,
578 4034 611 4096 in
625 4032 791 4118 lacrymas.

376 4117 550 4183 Prdcbrum
565 4129 609 4184 est
623 4131 795 4194 certamen,
811 4118 843 4180 in
859 4118 1012 4204 sanguiue
1024 4117 1198 4184 stillantem

378 4203 513 4269 Manum
528 4207 656 4291 injicere
669 4205 745 4269 filio

377 4289 585 4366 Sed—video
599 4292 682 4356 anim
698 4293 729 4356 in
745 4291 831 4356 mdes
845 4303 1021 4354 currarrtem
