2888 4856
266 243 329 302 644
593 248 594 257 ¹
646 227 969 294 EURIPIDIS

353 406 387 470 si
401 403 528 490 quando
542 402 715 467 terroribus
730 403 838 468 fierem
853 403 951 468 bbere

353 489 531 557 Prioribus:
554 509 639 552 nunc
654 511 730 578 orgo
744 512 870 554 sumus:
894 488 1026 554 reseram
1041 482 1140 576 igitur
1154 489 1214 556 tibi

354 577 424 655 Illa,
440 598 510 661 quae
525 571 586 640 tibi
598 577 713 640 uiuenti
726 575 894 640 voluissem
910 573 1015 640 dicere
1029 573 1120 639 mala

358 661 526 730 Perdidisti
544 682 593 724 me
605 675 637 726 et
651 685 696 726 are
709 661 817 726 orbern
834 659 931 726 charo
946 673 1036 747 patre

354 749 496 815 Ethunc
510 747 618 824 iecisti,
634 746 721 812 nulla
735 747 894 812 lacessitus
907 747 1035 834 injuria,
1287 755 1353 814 910

356 833 706 920 Turpiterque·duxiati
717 851 858 912 matrem,
873 835 1027 898 sevirum
1043 832 1235 912 interfecisti,

357 921 547 988 Graecorum
563 919 796 1004 imperatorem,
809 922 852 983 od
870 919 1013 1008 Phrygas
1028 919 1094 1004 ipae
1108 941 1174 984 non
1188 917 1359 1005 profectus.

356 1008 407 1074 Eo
422 1029 496 1071 vero
506 1005 617 1070 venisti
633 1005 800 1087 vecordiae,
814 1020 850 1071 ut
864 1006 1045 1091 speraveris,

356 1091 454 1172 Quod
470 1105 603 1242 mlatrem
618 1113 712 1156 meum
726 1115 802 1180 erga
817 1106 848 1156 te
862 1091 990 1178 quidem
1006 1113 1071 1156 non
1086 1113 1167 1156 essee
1180 1091 1346 1158 habburar

444 1201 495 1243 ma
508 1201 557 1242 arn

360 1268 393 1334 Si
409 1263 638 1339 conduxisses,
656 1265 716 1328 mei
733 1286 807 1328 vero
821 1265 920 1349 patria
931 1277 1037 1352 torum
1052 1261 1203 1328 violabes.

359 1353 446 1419 Sciat
460 1365 578 1430 antem,
614 1351 735 1436 uisquis
751 1351 927 1436 corruperit
941 1371 1072 1414 uxorem
1087 1349 1219 1436 uIIcnjur

361 1438 490 1503 Furtiro
505 1457 606 1500 concu
631 1438 688 1514 itu,
704 1437 730 1500 si
746 1447 854 1520 postea
868 1459 938 1500 eam
953 1437 1067 1501 ducere
1080 1448 1207 1501 coactus
1220 1434 1327 1510 irretit,

361 1527 403 1590 Se
417 1521 571 1586 infelicem
587 1545 662 1600 esse,
679 1523 705 1586 si
719 1535 809 1607 putet
824 1522 1009 1608 pudicitiam

362 1609 432 1675 Illic
454 1609 592 1695 quidem,
615 1609 655 1673 ab
677 1631 714 1672 ea
735 1631 799 1672 non
822 1621 973 1673 servatam
997 1607 1101 1689 fuisse,
1123 1608 1209 1694 apud
1232 1631 1267 1673 se
1287 1629 1362 1671 uero

450 1711 604 1759 servatum
620 1716 669 1758 rrr.

364 1781 543 1848 Miserrime
558 1803 631 1846 vero
646 1783 780 1858 vivebas,
797 1782 940 1867 quamvis
953 1803 1018 1845 non
1037 1780 1229 1846 existimares
1239 1785 1284 1846 'te
1306 1781 1363 1844 mi·

447 1889 514 1932 sere
530 1868 649 1931 vicere:
1301 1873 1365 1932 920

307 2025 312 2030 ,
365 1953 491 2018 Sciebas
505 1975 580 2018 vero
595 1952 736 2038 proiecto
749 1954 873 2039 nuptias
888 1953 1001 2039 impias
1015 1977 1035 2017 a
1050 1965 1082 2017 te
1095 1951 1279 2032 celebratas,

366 2041 534 2125 Materque
548 2061 580 2104 se
594 2039 650 2103 tibi
663 2040 763 2124 impio
778 2039 846 2103 viro
860 2053 1003 2124 nuptam.

365 2127 448 2192 Cum
464 2124 561 2226 igitur
574 2125 669 2190 ambo
682 2126 823 2190 scelerati
837 2126 945 2191 essetis
959 2125 1087 2190 aufertis
1101 2125 1273 2202 fortunam,

365 2211 426 2278 Illa
440 2210 570 2298 qurdem
586 2224 684 2292 tuam,
699 2225 734 2276 tu
751 2233 825 2276 vero
841 2211 957 2277 malum
973 2211 1067 2276 illius.

365 2299 452 2364 Inter
469 2298 606 2400 Argivos
622 2320 696 2362 vero
710 2311 838 2363 cunctos
853 2297 924 2362 baec
938 2297 1105 2372 audiebas:

368 2383 437 2450 Hic
450 2383 589 2448 mulieris
606 2385 665 2466 vir,
680 2405 744 2448 non
759 2397 865 2449 autem
881 2383 995 2450 mulier
1009 2383 1079 2448 viri·

368 2471 465 2555 Atqui
481 2468 556 2534 illud
572 2484 673 2555 turpe,
688 2492 821 2556 praeesec
833 2471 942 2534 domui

370 2556 551 2632 Mulierem,
567 2571 752 2620 nouantem
769 2557 891 2620 airum:
914 2574 945 2621 et
961 2557 1031 2620 illos
1044 2555 1098 2620 odi

371 2642 480 2722 Filios,
495 2643 676 2730 quicunque
689 2665 799 2706 eorum
814 2644 943 2708 masculi
961 2639 1089 2730 quidem
1105 2641 1204 2726 patris

369 2731 495 2794 Nomen
509 2749 572 2793 non
588 2727 659 2807 fert,
674 2729 727 2793 red
744 2730 852 2792 matris
865 2730 898 2792 in
913 2729 1048 2793 civitate.
1307 2735 1368 2793 980

371 2814 481 2891 Quum
497 2815 580 2877 enirn
596 2815 666 2901 quis
679 2813 841 2892 illustrem,
858 2837 895 2879 ac
908 2837 940 2880 re
953 2815 1105 2900 majorem
1119 2833 1254 2880 uxorem
1269 2810 1368 2890 duxit,
1434 2833 1435 2850 ³

370 2903 437 2964 VIri
475 2899 579 2964 uidam
595 2899 694 2982 nulla,
708 2900 911 2965 foeminarum
925 2900 1047 2980 verofit
1062 2901 1193 2968 mentio.

372 2923 474 3063 Quod
485 2999 516 3051 te
530 2987 699 3072 plurimum
715 2985 823 3051 fefellit
836 2985 1030 3063 inscientem,

374 3073 570 3137 Gloriabaris
584 3085 615 3136 te
629 3072 765 3158 aliquem
780 3095 854 3149 esse,
871 3073 945 3159 quia
960 3071 1099 3159 pollebas
1112 3074 1246 3157 opibus:

333 3243 341 3258 „
376 3159 439 3222 Hae
457 3179 532 3222 vero
554 3158 630 3222 nibil
651 3169 731 3235 saort,
744 3159 802 3222 nisi
817 3175 853 3223 ut
874 3159 968 3223 breve
989 3171 1114 3243 tempus
1137 3171 1301 3224 versantur
1320 3179 1371 3220 rro-

390 3257 395 3266 ·
432 3251 440 3266 ’
458 3245 578 3309 bircam.
1094 3275 1099 3284 ·

375 3329 499 3396 Natura
513 3330 595 3394 enim
612 3331 730 3395 stabilis
745 3341 798 3409 ert,
814 3330 900 3396 baud
913 3331 1067 3416 pecnoiae.

376 3415 460 3481 Haec
475 3418 558 3480 enim
574 3439 697 3502 semper
710 3416 885 3502 perdurans
899 3415 981 3482 tollit
994 3430 1108 3502 caput:

376 3501 549 3588 Opulentia
562 3517 638 3567 vero
651 3503 765 3590 injusta
780 3518 812 3568 et
825 3525 898 3569 cum
913 3504 1016 3589 pravis
1030 3523 1241 3580 commorans,

376 3587 492 3654 Evolat
506 3613 544 3653 ea
557 3589 689 3666 aedibus,
706 3590 758 3654 ubi
772 3589 914 3654 floruerit
927 3592 1080 3677 exiguum
1095 3603 1232 3674 tempus.
1314 3597 1376 3656 989

377 3675 462 3752 Quae
475 3697 550 3739 vero
565 3675 597 3738 in
614 3676 757 3740 mulieres
771 3675 1088 3764 feceris-virginem
1101 3676 1188 3740 enirn
1199 3697 1262 3740 nou
1273 3675 1364 3740 decet

378 3761 649 3838 Dicere-taceo,
659 3777 695 3828 ut
703 3765 820 3828 sciatur
829 3777 934 3826 tamen
942 3761 1047 3826 verbis
1055 3763 1199 3826 obscuris
1208 3761 1363 3830 indicabo

379 3847 742 3936 Insolentertegerebas,
756 3861 866 3936 utpote
875 3849 1040 3936 quiregiss
1050 3845 1237 3933 domosjam
1249 3863 1377 3920 terme,

379 3935 421 3998 Et
436 3957 475 3998 ex
490 3935 597 4020 gratiis
611 3935 804 4018 compositus
816 3958 907 4000 esses.
951 3935 996 3999 At
1017 3933 1096 3998 mibi
1110 3935 1153 3999 rit
1164 3936 1294 4002 matitia

380 4019 455 4084 Non
470 4021 872 4109 virgineo-vultudecorus,
888 4019 941 4088 sed
957 4020 1085 4108 ingenio
1099 4019 1183 4084 virili
1196 4023 1345 4104 praedtns

380 4105 526 4188 Ipsorum
543 4107 626 4172 enim
642 4107 732 4173 liberi
750 4107 858 4174 Marte
870 4109 1124 4173 commiscentur.

384 4193 410 4256 F
410 4194 526 4256 ormosi
543 4216 617 4257 vero
630 4205 700 4260 aaut
714 4207 838 4259 tanturn
854 4195 886 4257 in
902 4194 1007 4258 choris
1021 4205 1252 4260 ornamentum.

349 4325 354 4336 .
384 4279 505 4356 Peteon,
523 4279 555 4344 Ο
570 4280 675 4358 inscie,
691 4281 779 4366 cujus
794 4279 955 4346 convictus
970 4277 1108 4358 tandem,
