2882 4858
309 242 371 307 ⁵14

692 235 1021 312 EURIPIDIS

395 430 480 474 seros
495 407 637 475 Graeeos.

307 497 430 563 tenuo
443 495 499 582 qui
513 496 597 562 eires
613 495 720 570 Pisum
737 495 901 562 OEnomao
915 497 1139 586 quadrijugum

395 581 564 646 Certamen
580 581 680 647 vicisti
693 581 735 646 eli
760 582 864 646 ueudo
878 585 1001 667 Pelops,

394 667 526 734 Utinam
541 681 627 746 tunc,
643 603 773 753 quando
786 667 967 734 convivium
981 669 1066 737 iuter
1080 669 1157 743 deos

394 754 544 819 Faciebss
559 754 719 832 dissectus,
734 754 816 818 inter
830 753 905 818 deos
919 753 1097 840 reliquisses
1110 755 1219 832 vitem,

395 839 581 927 Priusquam
599 853 719 924 petrem
736 861 839 904 meum
856 841 990 910 Atreum
1004 841 1177 927 genuisses,
1323 847 1369 904 39⁰

395 925 459 1003 Qui
474 948 514 990 ex
529 947 697 1014 congressu
712 947 785 990 oum
801 927 932 1008 Aerope
940 927 1054 1014 genuit

392 1014 419 1077 Α
463 1033 661 1077 memnonem
677 1025 709 1077 et
722 1035 773 1075 me
789 1011 982 1090 Menelaum,
999 1013 1152 1099 inclytum
1166 1033 1243 1098 pur:

434 1099 572 1163 eximurn
590 1098 673 1162 eninr
685 1096 897 1175 erede-hoc
911 1112 1016 1167 eutem
1028 1100 1257 1186 sinejeeteutiu
1264 1097 1368 1172 didit·-

392 1183 574 1250 Exercitum
591 1185 631 1249 sd
647 1182 779 1269 Trojeur
795 1185 888 1250 remis
902 1186 1078 1252 traduxisse
1091 1208 1144 1258 nse

393 1271 443 1334 Re
465 1293 525 1348 ern,
542 1269 674 1354 pervim
690 1271 849 1355 Imperqns
863 1267 952 1348 nihil,

466 1358 597 1442 juvenes
613 1356 749 1422 Graeciae
764 1356 905 1428 volentes
921 1379 1044 1444 regens.

392 1441 437 1508 Et
448 1442 575 1531 quidem
590 1441 705 1506 horum
724 1441 894 1507 nonnullos
915 1442 1000 1508 hsud
1021 1441 1158 1528 emplius
1170 1443 1307 1513 virentes
1323 1461 1367 1505 nu·

479 1551 600 1593 merere
614 1530 695 1604 licet,

390 1613 480 1679 Alios
497 1637 582 1690 vero,
598 1615 652 1700 qui
667 1637 708 1688 ex
727 1615 806 1680 meri
821 1615 966 1683 lubenter
979 1614 1166 1702 effugerunt,

391 1699 540 1766 Ferentes
554 1714 638 1766 retro
652 1701 782 1766 domum
797 1702 927 1766 nomine
942 1713 1149 1778 mortuorum.

389 1788 436 1853 At
448 1809 509 1875 ego
523 1809 619 1872 supro
635 1786 735 1851 undss
749 1787 874 1852 eaerulei
889 1788 985 1852 meris
1322 1790 1369 1850 4⁰0

391 1872 493 1938 Miser
507 1893 580 1948 ¹erro
593 1893 634 1939 ex
648 1896 712 1960 quo
726 1886 868 1959 tempore
883 1873 935 1938 Ilii

390 1956 511 2024 Turres
526 1960 632 2035 everti,
648 1973 681 2023 et
695 1960 726 2022 in
741 1960 877 2045 petrium
891 1959 1021 2043 cupiens
1034 1957 1148 2036 redire,

389 2045 420 2110 A
436 2045 509 2111 Diis
521 2046 638 2135 dignus
652 2066 717 2110 uon
726 2045 855 2132 judicor
870 2045 923 2132 qui
939 2049 999 2110 hoe
1013 2067 1197 2132 consequor.

389 2131 565 2220 Libyaeque
578 2132 717 2197 desertos
731 2130 995 2218 inhospitalesque
1007 2145 1119 2218 portus

389 2217 510 2283 Omnes
523 2218 726 2305 mnengeri:
748 2231 780 2282 et
793 2217 923 2304 quando
935 2239 1037 2305 prope
1050 2219 1186 2302 petrium
1201 2239 1280 2295 sum,

389 2303 510 2370 Ventus
526 2327 575 2369 me
590 2325 696 2368 rursus
711 2305 772 2368 olm
786 2305 896 2389 rejicit,
912 2327 970 2369 nee
984 2304 1090 2379 sdhuu
1103 2304 1260 2374 secundus

388 2389 523 2456 Intravit
536 2389 652 2468 velum,
667 2403 702 2456 ut
715 2413 775 2478 ego
790 2391 822 2461 in
837 2391 972 2476 petriam
987 2391 1133 2463 redirem.

388 2474 431 2540 Et
445 2497 532 2541 nuuc
546 2476 639 2540 miser
654 2475 834 2564 naufragus,
850 2477 970 2547 emissis
984 2478 1105 2554 amicis.

388 2561 516 2714 flectus
529 2585 598 2628 sum
614 2563 647 2626 In
662 2561 745 2628 hunc
760 2579 893 2663 terremur
915 2565 1004 2628 neris
1019 2575 1123 2630 eutem
1138 2562 1179 2635 ud
1195 2585 1272 2637 sexu
1421 2645 1422 2652 ἵ

388 2648 980 2807 crffiitliit'iiifititt
988 2650 1206 2824 illst„
1317 2655 1371 2712 ⁴¹⁰
1421 2731 1422 2752 ³

388 2825 492 2906 Super
506 2845 570 2908 que
583 2837 722 2888 servatus
736 2845 804 2886 sum
820 2843 905 2910 segre
919 2825 1077 2909 Insperato
1090 2844 1164 2890 cusu

388 2907 588 2994 Helenaque,
605 2931 699 2994 quarn
714 2932 734 2973 s
747 2908 846 2996 'l'roje
860 2910 1047 2976 obstrueturu
1062 2909 1157 2982 due).

387 2993 513 3067 Nomen
528 3007 635 3060 eutem
649 2994 797 3082 regionis,
812 2995 882 3082 quis
897 2998 938 3060 sit
950 3012 982 3063 st
996 2995 1142 3080 pupulus,

388 3079 464 3144 Non
480 3083 570 3147 noris
592 3081 719 3146 turbem
735 3081 819 3145 enirn
833 3081 920 3146 edire
935 3081 1058 3158 erubui,

388 3167 536 3232 Nemees
552 3169 683 3232 restium
699 3169 807 3232 sordes
820 3184 1055 3256 cognoscerent,

387 3251 560 3318 Occultans
573 3277 641 3339 pree
655 3253 778 3340 pudore
792 3275 872 3320 meur
882 3255 1031 3332 miserias,
1075 3251 1187 3330 Quum
1198 3253 1281 3324 euim
1293 3254 1336 3316 vir

387 3338 527 3428 Magnus
542 3341 574 3404 in
590 3340 729 3406 miserias
743 3340 864 3418 incidit,
880 3341 912 3407 In
929 3341 1132 3418 novaru‘vitte
1143 3341 1295 3416 retium

385 3426 502 3492 Incidit
516 3427 702 3492 deteriorem
715 3448 809 3514 quem
825 3427 851 3492 is
866 3428 920 3513 qui
936 3428 1060 3513 pridem
1074 3439 1121 3492 est
1135 3425 1253 3496 Infelix.

386 3511 562 3590 Necessites
575 3534 651 3577 vero
664 3535 716 3577 me
729 3513 870 3580 cruciats
893 3535 967 3583 nem
981 3535 1085 3600 neque
1098 3512 1189 3588 cibus
1201 3513 1289 3585 udest
1298 3511 1371 3582 siti,

384 3597 498 3686 Neque
511 3612 611 3667 vestes
624 3599 709 3664 cirea
721 3621 853 3684 eorpust
875 3599 937 3672 huc
950 3613 1055 3673 eutem
1070 3599 1226 3686 conjicere
1318 3603 1367 3662 tut

384 3685 491 3762 Licere
514 3684 614 3752 Neris
628 3685 839 3772 ejectementis
853 3699 953 3770 tegor.

385 3771 500 3858 Peplos
514 3773 598 3836 enIm
614 3773 734 3858 priores
748 3770 991 3859 splendidasque
1005 3785 1115 3850 vrttes,

384 3857 587 3946 Deliciesque
602 3880 689 3932 mere
700 3859 831 3944 repuit3
852 3860 948 3945 inque
962 3857 1049 3936 uutr'r
1059 3858 1235 3933 reuemibru

384 3941 554 4011 Occultstu
567 3966 675 4022 uxore,
691 3967 762 4031 qure
777 3945 854 4010 milri
869 3943 1012 4014 omnium
1028 3943 1185 4019 mulorum

383 4030 485 4095 Coum
499 4030 569 4108 fiiis,
585 4032 687 4110 venio,
703 4030 831 4118 reliquis

384 4117 485 4184 Sociis
499 4118 615 4184 ooectis
630 4137 753 4184 servare
767 4139 854 4184 meos
869 4120 977 4184 lectos.

382 4201 478 4270 Solus
491 4225 567 4272 vero
581 4203 704 4282 oberro,
720 4226 865 4292 quaerens
878 4205 972 4270 sooIis
986 4203 1062 4273 meis
1074 4203 1130 4290 qui
1146 4202 1214 4270 illie
1226 4211 1293 4272 sul

381 4291 447 4354 Res
460 4291 656 4371 nmeurries,
672 4289 774 4360 neubi
788 4291 948 4365 inveniens
962 4289 1127 4375 resipiens.
