2802 4858
397 215 775 286 ‘Pflfflmssm
1079 231 1139 290 10⁵

141 389 247 479 Gigas
261 409 280 454 s
293 399 380 454 terra
390 401 485 454 notua
499 389 640 456 humeris
655 403 755 458 totum
771 391 882 457 urbem

139 475 314 552 Sustinent,
328 474 472 542 nectibus
486 480 671 542 convulsam
686 479 848 558 violenter,

146 563 189 630 Ut
201 572 277 628 esset
290 561 416 649 signum
430 562 533 646 nobis,
549 563 654 650 qualia
667 585 801 650 passura·
811 577 892 631 esset
904 565 991 632 urbs.

140 648 296 714 Adrastus
309 669 387 714 vero
400 662 468 714 erat
482 649 514 714 in
531 651 699 717 Hslrdoms's
712 651 821 738 portis,

140 736 281 802 Centum
294 735 325 800 vi
365 736 409 800 ris
421 739 567 822 clypeum
583 737 718 823 implens
732 741 866 824 pictura,

141 819 271 908 Hydrae
284 820 327 886 bs
390 823 451 886 sin
468 821 549 888 laevo
563 823 695 888 brechio

139 907 291 996 Argiam
300 909 525 994 jactationem
545 929 587 975 ex
601 910 759 974 moenibus
770 933 846 978 vero
859 910 970 975 mediis
1058 921 1142 978 1140

139 994 308 1060 Dracones
321 993 493 1060 docebunt
506 1017 620 1080 pueros
635 995 808 1070 Thebanos
822 997 968 1062 maxillis.

141 1080 205 1146 Fui
218 1091 324 1146 eutem
338 1093 496 1165 spectator
510 1081 624 1147 borum
640 1084 794 1160 omnium,

139 1165 306 1234 Tessersrn
319 1165 424 1232 ferens
437 1168 571 1234 ducibus
585 1169 747 1235 ordinum.

141 1252 187 1320 Et
200 1253 306 1339 primo
320 1253 448 1340 quidem
462 1256 600 1321 arcubus
612 1269 644 1320 et
658 1257 780 1344 sagittis

140 1339 378 1424 Pugnabamus,
394 1354 426 1405 et
437 1338 544 1406 fondis
558 1341 652 1431 longe
663 1341 848 1408 ferientibus

142 1425 364 1512 Saxorumque
375 1425 577 1515 frequentiae
599 1451 672 1494 cum
687 1441 792 1496 autem
815 1445 951 1495 essemus
965 1429 1142 1515 superiores

144 1533 447 1700 Clsmbibnssfima
462 1612 495 1665 et
508 1613 582 1666 tuus
594 1601 765 1688 derepente
778 1601 872 1681 filius,

143 1683 176 1750 Ο
189 1683 248 1748 ffln
262 1684 424 1763 Danaum,
440 1687 513 1772 prio
551 1707 624 1754 uum
638 1689 813 1753 laceremur
821 1687 969 1774 jactibus,

143 1769 233 1848 Quid
248 1771 444 1836 cunctamini
458 1771 518 1838 sim
567 1795 678 1840 omnes
691 1775 812 1840 irruere
825 1776 858 1840 in
873 1789 991 1860 portas,

141 1857 272 1924 levite
285 1857 408 1939 armati,
421 1859 550 1946 equites,
566 1873 598 1926 et
610 1861 838 1948 gubernatores
852 1857 1028 1925 curruum?
1059 1868 1143 1929 1150

144 1943 320 2048 Postquam
342 1957 448 2011 autem
477 1947 668 2012 audiverunt
696 1947 779 2012 hsnc
803 1967 920 2025 vocem,
943 1947 1048 2014 nullus
1077 1961 1144 2015 eret

144 2052 535 2183 Mutigiiieb'oedebnm
549 2120 703 2184 cruentati
717 2120 832 2205 capite.

143 2203 188 2267 Et
200 2224 219 2267 e
234 2205 349 2268 nostris
363 2225 490 2291 quoque
503 2205 538 2270 in
552 2204 654 2270 solum
669 2207 797 2272 vidisses
810 2219 885 2271 ante
897 2207 1017 2272 moenia

145 2287 287 2354 Crebros
299 2289 461 2355 saltatores
474 2291 621 2378 expirare
633 2293 782 2371 animam,

145 2374 271 2442 &cern
285 2388 391 2442 antem
404 2375 551 2465 rigebant
566 2391 681 2443 terrum
694 2377 783 2444 fluxu
799 2379 968 2467 sanguinis.

144 2462 248 2527 Arcas
263 2484 339 2527 vero
351 2463 415 2542 ille,
429 2485 495 2528 non
510 2464 655 2550 Argivus,
669 2465 754 2530 filins
766 2465 937 2544 Atalantae,

145 2549 238 2615 Siout
252 2549 351 2614 turbo
362 2549 492 2634 quidam
506 2549 541 2614 in
553 2563 679 2636 portam
693 2552 829 2630 irruens,
845 2551 960 2618 clamat
1030 2565 1033 2573 '

145 2635 260 2724 Ignem
273 2648 307 2701 et
319 2635 471 2736 ligonem,
487 2649 638 2724 tanquam
652 2659 815 2703 eversurus
828 2639 956 2704 urbem:

147 2722 213 2788 Sed
227 2744 244 2786 r
286 2735 372 2786 ressrt
387 2723 490 2808 ipsum
504 2721 659 2789 luentem
675 2725 789 2790 marini
804 2724 855 2789 dei

145 2744 508 2894 Fuinseberictymenus,
522 2809 670 2896 dejiciens
684 2831 799 2878 saxum
811 2811 843 2874 in
859 2821 955 2898 caput
1065 2821 1147 2879 1160

145 2894 245 2972 Quod
258 2895 446 2980 implevisset
459 2896 647 2982 pleustrmn,
663 2897 776 2983 pinnas
790 2920 809 2961 n
823 2895 1081 2986 propugnaculo;

146 2981 343 3068 Flauumque
357 2995 452 3068 eaput
467 2983 662 3061 comminuit,
678 2997 710 3049 et
723 2997 845 3048 suturae

147 3067 276 3133 Ossium
292 3069 390 3153 rupit,
403 3069 571 3155 statimque
585 3071 698 3135 rubras
711 3091 808 3158 genas
845 3071 853 3085 “

148 3154 352 3220 Crumtaaits
375 3175 480 3242 neque
493 3155 606 3220 reiaret
619 3158 717 3222 vitam

145 3241 270 3328 Insigni
279 3241 459 3332 joculatrici
476 3245 571 3306 mani
584 3242 728 3320 Maenali,
744 3245 766 3307 i.
781 3267 809 3308 e.
819 3244 990 3321 Arcadium,
1004 3241 1136 3311 Puellre.

148 3327 322 3414 Postquam
338 3341 445 3393 autem
459 3329 541 3394 banc
551 3343 681 3430 portam
698 3330 779 3396 vidit
792 3329 996 3408 fortunatam,

148 3415 293 3480 Accessit
307 3413 347 3480 ad
363 3415 500 3501 reliquas
513 3415 597 3480 libus
611 3429 693 3494 tntu,
709 3415 863 3504 sequebar
875 3437 950 3481 vero
964 3437 1035 3500 ego.

148 3500 252 3566 vitan
266 3513 372 3566 autem
387 3502 543 3588 Tydeum,
559 3513 591 3566 et
604 3503 733 3568 crebros
747 3503 892 3570 satellites
906 3502 1065 3591 clypeatos

149 3586 297 3652 AEtolieia
312 3587 411 3652 bestia
423 3589 459 3652 in
468 3609 591 3653 summa
604 3609 661 3654 orn

149 3673 501 3761 Turriumjeeuleutes,
520 3687 554 3739 nt
568 3695 734 3741 murorum
1065 3681 1152 3746 uro

149 3759 396 3848 Prnpoguucnla
417 3783 542 3827 summa
564 3762 776 3850 relinquerent
798 3763 903 3827 nostri
922 3759 1064 3850 fugitivi:
1096 3761 1151 3828 sed

232 3867 420 3926 eos-russos,
577 3861 581 3868 '

145 3933 316 4020 Tanquam
329 3947 473 4016 muster,
486 3933 573 4000 iilius
586 3947 660 4000 taus
673 3935 806 4018 colligit.

97 4059 109 4070 ·
146 4019 193 4085 Et
205 4041 316 4086 rursus
327 4022 366 4086 ao
380 4035 487 4086 turres
497 4021 672 4087 collocarit.
717 4022 770 4087 Ad
785 4021 878 4088 alism
893 4043 969 4086 vero
982 4032 1107 4108 portam

145 4107 398 4185 Festinabumus,
417 4107 471 4174 ubi
480 4119 604 4192 portem
617 4108 700 4174 hunc
710 4107 907 4174 laborantem
923 4108 1152 4178 liberassemus.

143 4192 447 4270 Quomodouun
459 4194 572 4272 dicum,
588 4215 683 4282 qoam
700 4196 867 4283 Capaneus
881 4193 1086 4263 insanirent?

144 4281 336 4371 longarum
349 4284 437 4351 enim
450 4282 605 4350 scolarum
619 4273 739 4371 gradus
