2862 4864
206 209 271 268 866
585 191 918 260 EURIPIDIS

210 391 288 438 orn.
299 364 413 446 Quid?
433 388 505 434 nom
517 367 574 432 loc
588 364 621 431 in
635 385 804 434 commtme
816 362 919 430 ferens
932 363 1045 430 melius
1061 365 1239 456 intelligia.

215 479 288 526 rra.
300 455 412 540 Turpe
426 462 480 531 est,
496 465 527 518 te
542 465 678 531 mortuo,
693 474 752 517 nos
766 450 882 516 intueri
896 449 1011 516 lucem.

297 541 374 608 Una
388 541 472 604 enim
486 540 642 622 navigavi,
659 561 723 603 una
736 537 831 602 etiam
845 537 928 601 mori
943 559 994 601 me
1007 551 1150 624 oportets

297 627 426 694 Etenim
442 624 627 701 timiditatis,
644 637 676 689 et
690 625 825 712 ignaviae
840 623 994 708 probrum
1009 625 1088 688 milri
1101 625 1304 692 conciliabo

300 721 347 778 Ar
371 713 406 788 's‚
422 725 453 777 et
468 711 501 776 in
518 709 659 776 Phocide
674 713 788 776 multas
803 709 1058 788 habente-valles,

297 735 439 864 Vidlebor
452 799 536 861 enim
551 796 806 878 multis,-multi
819 797 905 860 errim
918 807 988 862 sunt
1001 797 1121 862 maii-
1251 809 1333 867 660

299 886 349 952 Te
363 883 493 971 prodito
507 883 592 948 solus
605 884 675 968 ipse
688 882 818 948 rediisse
829 882 972 958 domum,

300 975 368 1038 Aut
382 971 477 1036 etiam
491 970 596 1034 occiso
611 983 642 1035 te
657 970 690 1034 in
704 969 883 1034 calamitate
897 967 1035 1046 familiae,

302 1059 460 1124 Struxisse
474 1077 583 1122 necem
598 1055 665 1132 tibi,
680 1069 812 1141 propter
827 1057 917 1119 tuuni
932 1056 1155 1141 principatum,

303 1145 350 1209 Ut
364 1146 478 1208 ducam
492 1155 734 1209 tuamsorcrem
749 1141 930 1226 patrimonii
946 1143 1042 1208 totius
1056 1141 1235 1208 haeredem.

304 1230 390 1296 Hoec
403 1231 413 1293 i
437 1231 501 1293 itur
515 1241 633 1310 metuo,
648 1242 680 1293 et
695 1229 808 1292 horum
824 1249 875 1292 mc
887 1226 996 1314 pudet,

303 1316 373 1384 Nec
388 1253 453 1382 ullo
469 1313 565 1380 modo
578 1313 648 1379 fieri
662 1327 776 1399 potest,
793 1315 868 1399 quin
884 1327 988 1378 tecum
1002 1318 1136 1379 animem
1149 1315 1323 1400 expirem

302 1402 346 1480 Et
361 1401 453 1466 simul
463 1400 638 1487 jugularet
652 1400 843 1489 conflagrem
857 1422 999 1485 corpore,

304 1487 391 1565 Quia
405 1509 474 1552 sum
488 1488 608 1552 amicus
620 1497 689 1552 tuo
702 1501 735 1551 et
748 1487 1009 1572 vituperationem
1025 1498 1142 1551 memo.

219 1595 297 1642 ona.
308 1574 401 1640 Bona
416 1572 512 1638 verba
525 1595 649 1660 quoeso:
673 1595 743 1638 mea
756 1573 840 1637 mala
853 1595 899 1638 me
912 1571 993 1637 lerre
1007 1586 1148 1658 oportet:

306 1661 388 1726 Cum
403 1673 508 1724 autem
522 1661 640 1744 possim
655 1657 736 1724 ferre
745 1659 917 1745 simplicem
930 1660 1121 1736 moestitiam,
1132 1679 1200 1723 non
1212 1656 1335 1724 ieram

391 1746 559 1828 geminam.
1253 1755 1335 1816 670

305 1831 403 1910 Quod
419 1833 503 1896 enim
519 1831 577 1897 tibi
592 1831 679 1897 triste
694 1844 726 1897 et
740 1832 928 1918 probrosum
943 1831 1031 1909 dicis,

307 1919 384 1984 Hoc
399 1919 475 1982 mihi
490 1917 623 1996 accidet,
637 1919 666 1980 si
681 1931 712 1982 te
725 1917 921 1982 laborantem
935 1939 1058 1988 mecum

307 2003 515 2154 Ιιιῑετιξοοξτοε
552 2003 639 2090 quod
667 2004 752 2068 enim
775 2005 816 2069 ad
841 2027 893 2069 me
917 2005 1037 2082 attinet,
1064 2025 1129 2070 non
1154 2003 1247 2069 male
1275 2027 1340 2072 rea

415 2113 433 2154 a
457 2102 499 2167 et,

310 2177 345 2242 Si
359 2176 488 2253 moriar,
505 2196 578 2240 cum
592 2198 738 2242 exercear
752 2199 772 2241 s
785 2176 856 2254 diis,
872 2175 953 2242 sicut
965 2197 1122 2242 exerceor.

309 2262 362 2327 Tu
377 2284 452 2326 vero
466 2285 499 2327 es
515 2264 634 2340 beatus,
651 2285 835 2351 puramque,
851 2283 910 2327 nec
924 2261 1083 2344 afflictam,
1097 2261 1196 2328 haber
1229 2259 1235 2266 ’

307 2348 451 2413 Domum
467 2371 527 2436 ego
542 2370 616 2414 vero
630 2350 773 2432 impiam,
788 2361 820 2414 et
835 2348 1001 2415 infelicem.

311 2435 458 2500 Servatus
472 2449 589 2511 autem,
605 2448 637 2498 et
651 2435 767 2501 liberos
782 2457 822 2499 ex
839 2459 908 2500 mea
921 2456 1032 2498 sorore

311 2520 504 2603 Suscipiens,
519 2542 615 2606 quam
630 2520 748 2586 tradidi
763 2522 821 2586 tibi
836 2543 989 2587 uxorem:

224 2637 229 2648 ·
310 2605 519 2694 Manebitque
533 2628 637 2671 meum
654 2629 779 2685 nomen,
796 2631 898 2696 neque
912 2608 979 2672 sine
994 2606 1099 2671 liberis
1113 2604 1231 2671 domm

310 2692 447 2757 Paterna
462 2715 531 2757 mea
544 2692 699 2758 delebitur
713 2715 863 2780 unquam.
1257 2703 1338 2764 680

311 2778 421 2855 Quare
435 2779 499 2856 abi,
514 2791 546 2844 et
560 2779 640 2856 vive,
656 2792 688 2845 et
701 2779 843 2846 inhabita
857 2779 988 2846 domum
1000 2792 1176 2864 paternam.

311 2865 441 2930 Etcum
457 2865 579 2931 veneris
594 2867 627 2929 in
643 2867 802 2931 Graeciam
816 2881 847 2932 et
861 2865 902 2930 ad
918 2879 1060 2952 equestre
1075 2866 1190 2954 Argos,

314 2951 466 3016 Obteator
480 2963 511 3015 te
525 2973 582 3038 per
596 2951 680 3017 lianc
693 2952 838 3018 dextram
851 2953 929 3017 ista:

311 3036 426 3102 Excita
440 3039 517 3102 milti
531 3038 744 3124 sepulchrum,
760 3053 792 3103 et
807 3039 935 3122 impone
950 3051 1157 3102 monomenta
1171 3035 1273 3118 mihi,

313 3121 358 3187 Et
373 3124 472 3188 Soror
485 3123 540 3189 det
553 3125 622 3188 lach
662 3147 738 3202 mas,
754 3139 786 3190 et
800 3147 921 3189 comam
938 3123 1071 3190 tumulo.

312 3209 356 3274 Et
371 3209 496 3285 nuncia,
512 3231 607 3296 quom
652 3233 673 3274 o
687 3234 747 3300 ego
761 3212 906 3296 perierim
922 3210 963 3274 ab
978 3211 1096 3298 Argiva
1110 3208 1255 3296 quadam

313 3293 462 3372 Muliere,
478 3297 563 3360 circe
576 3319 664 3361 aram
677 3297 828 3363 lustratus
842 3296 930 3362 coede

313 3379 427 3467 Neque
441 3381 565 3446 deseras
581 3405 720 3469 unquam
735 3405 837 3449 meam
853 3405 1002 3460 sororem,

314 3465 432 3552 Inopes
447 3467 554 3534 affines
568 3482 650 3546 tuos,
665 3481 698 3533 et
712 3469 844 3536 domum
858 3483 1023 3556 paternam
1039 3467 1158 3533 videm.

313 3551 449 3654 Jamque
477 3555 560 3620 vale:
597 3577 741 3621 meorum
770 3557 855 3620 enim
884 3557 1059 3622 amicorum
1087 3569 1119 3621 te
1135 3553 1344 3634 fficium

399 3642 515 3706 mveni.
1259 3655 1339 3716 690

318 3725 350 3790 O
365 3727 538 3792 venationis
552 3727 636 3792 socie
650 3742 682 3792 et
695 3749 819 3794 mecum
834 3727 966 3794 educme
980 3730 1085 3805 corbe,

316 3811 350 3876 Ο
363 3813 418 3898 qui
433 3813 548 3892 mtdtos
563 3812 687 3880 labores
701 3815 863 3900 suscepisti
877 3822 1011 3901 propter
1024 3835 1096 3880 mec
1108 3815 1204 3880 mala.

315 3897 398 3962 Nam
414 3914 519 3964 autem
534 3900 662 3986 Apollo,
678 3916 763 3966 vates
777 3901 927 3982 existens,
942 3901 1070 3966 fefellit:

315 3981 439 4049 Callida
452 4001 556 4051 autem
571 4001 779 4064 commentus,
794 4009 890 4076 quam
904 3987 1086 4076 longissime
1099 4009 1117 4049 a
1132 3985 1275 4054 Greci·

314 4067 434 4156 Abegit
448 4094 515 4157 pree
530 4074 653 4158 pudore
666 4075 806 4159 priorum
820 4073 1053 4139 vaticiniorum.

316 4151 641 4236 Cniegoomniamca
650 4161 834 4246 permittens
843 4155 1342 4260 verbisqueqp'ueobtemperans,

314 4239 461 4308 Interieci
476 4259 621 4326 matrem,
636 4267 721 4312 nunc
737 4269 811 4314 vero
825 4248 891 4333 ipse
905 4245 1039 4322 sicusim
1054 4255 1159 4332 peteo.
