<?xml version="1.0" encoding="UTF-8"?>
<!DOCTYPE html PUBLIC "-//W3C//DTD XHTML 1.0 Transitional//EN"
    "http://www.w3.org/TR/xhtml1/DTD/xhtml1-transitional.dtd">
<html xmlns="http://www.w3.org/1999/xhtml" xml:lang="en" lang="en">
 <head>
  <title>
</title>
<meta http-equiv="Content-Type" content="text/html;charset=utf-8" />
  <meta name='ocr-system' content='tesseract 3.04.00' />
  <meta name='ocr-capabilities' content='ocr_page ocr_carea ocr_par ocr_line ocrx_word'/>
</head>
<body>
  <div class='ocr_page' id='page_1' title='image "./euripidistragoe00mattgoog/euripidistragoe00mattgoog_0319.png"; bbox 0 0 2862 4864; ppageno 0'>
   <div class='ocr_carea' id='block_1_1' title="bbox 162 224 447 306">
    <p class='ocr_par' dir='ltr' id='par_1_1' title="bbox 162 224 447 306">
     <span class='ocr_line' id='line_1_1' title="bbox 162 224 447 306; baseline -0.007 -11"><span class='ocrx_word' id='word_1_1' title='bbox 162 224 447 306; x_wconf 62' lang='grc' dir='ltr'>,ω’</span> 
     </span>
    </p>
   </div>
   <div class='ocr_carea' id='block_1_2' title="bbox 631 217 1059 332">
    <p class='ocr_par' dir='ltr' id='par_1_2' title="bbox 631 217 1059 332">
     <span class='ocr_line' id='line_1_2' title="bbox 631 217 1059 332; baseline 0.012 -40"><span class='ocrx_word' id='word_1_2' title='bbox 631 217 967 296; x_wconf 75' lang='lat' dir='ltr'>rouretum</span> <span class='ocrx_word' id='word_1_3' title='bbox 1054 325 1059 332; x_wconf 83' lang='lat'>.</span> 
     </span>
    </p>
   </div>
   <div class='ocr_carea' id='block_1_3' title="bbox 312 398 1347 4110">
    <p class='ocr_par' dir='ltr' id='par_1_3' title="bbox 333 398 1008 486">
     <span class='ocr_line' id='line_1_3' title="bbox 333 398 1008 486; baseline 0.004 -22"><span class='ocrx_word' id='word_1_4' title='bbox 333 399 433 486; x_wconf 81' lang='lat' dir='ltr'>Equis</span> <span class='ocrx_word' id='word_1_5' title='bbox 441 398 480 464; x_wconf 76' lang='lat' dir='ltr'>iu</span> <span class='ocrx_word' id='word_1_6' title='bbox 532 411 601 464; x_wconf 87' lang='lat' dir='ltr'>ntes</span> <span class='ocrx_word' id='word_1_7' title='bbox 617 400 670 464; x_wconf 82' lang='lat' dir='ltr'>tibi</span> <span class='ocrx_word' id='word_1_8' title='bbox 682 399 800 464; x_wconf 81' lang='lat' dir='ltr'>bellurn</span> <span class='ocrx_word' id='word_1_9' title='bbox 816 400 1008 468; x_wconf 80' lang='lat' dir='ltr'>intuleruutt</span> 
     </span>
    </p>

    <p class='ocr_par' dir='ltr' id='par_1_4' title="bbox 334 487 1007 573">
     <span class='ocr_line' id='line_1_4' title="bbox 334 487 1007 573; baseline 0.004 -22"><span class='ocrx_word' id='word_1_10' title='bbox 334 487 398 551; x_wconf 87' lang='lat' dir='ltr'>Sed</span> <span class='ocrx_word' id='word_1_11' title='bbox 414 487 488 573; x_wconf 88' lang='lat' dir='ltr'>Tyn</span> <span class='ocrx_word' id='word_1_12' title='bbox 511 509 585 551; x_wconf 84' lang='lat' dir='ltr'>erus</span> <span class='ocrx_word' id='word_1_13' title='bbox 599 497 691 571; x_wconf 80' lang='lat' dir='ltr'>peter</span> <span class='ocrx_word' id='word_1_14' title='bbox 706 502 801 551; x_wconf 82' lang='lat' dir='ltr'>senex</span> <span class='ocrx_word' id='word_1_15' title='bbox 816 501 848 552; x_wconf 85' lang='lat' dir='ltr'>te</span> <span class='ocrx_word' id='word_1_16' title='bbox 861 487 1007 554; x_wconf 74' lang='lat' dir='ltr'>liberarit</span> 
     </span>
    </p>

    <p class='ocr_par' dir='ltr' id='par_1_5' title="bbox 334 570 1337 658">
     <span class='ocr_line' id='line_1_5' title="bbox 334 570 1337 658; baseline 0.007 -18"><span class='ocrx_word' id='word_1_17' title='bbox 334 573 466 640; x_wconf 76' lang='lat' dir='ltr'>Factum</span> <span class='ocrx_word' id='word_1_18' title='bbox 483 571 667 658; x_wconf 71' lang='lat' dir='ltr'>supplicem,</span> <span class='ocrx_word' id='word_1_19' title='bbox 682 587 715 637; x_wconf 85' lang='lat' dir='ltr'>et</span> <span class='ocrx_word' id='word_1_20' title='bbox 729 570 868 638; x_wconf 74' lang='lat' dir='ltr'>habuisti</span> <span class='ocrx_word' id='word_1_21' title='bbox 880 588 988 640; x_wconf 82' lang='lat' dir='ltr'>rursus</span> <span class='ocrx_word' id='word_1_22' title='bbox 1002 595 1108 642; x_wconf 86' lang='lat' dir='ltr'>rusum</span> <span class='ocrx_word' id='word_1_23' title='bbox 1123 581 1337 646; x_wconf 70' lang='lat' dir='ltr'>mucium.</span> 
     </span>
    </p>

    <p class='ocr_par' dir='ltr' id='par_1_6' title="bbox 335 659 1037 747">
     <span class='ocr_line' id='line_1_6' title="bbox 335 659 1037 747; baseline 0 -21"><span class='ocrx_word' id='word_1_24' title='bbox 335 660 402 726; x_wconf 88' lang='lat' dir='ltr'>Ubi</span> <span class='ocrx_word' id='word_1_25' title='bbox 416 659 617 724; x_wconf 81' lang='lat' dir='ltr'>reconciliate</span> <span class='ocrx_word' id='word_1_26' title='bbox 628 659 698 736; x_wconf 80' lang='lat' dir='ltr'>sibi,</span> <span class='ocrx_word' id='word_1_27' title='bbox 714 681 790 747; x_wconf 81' lang='lat' dir='ltr'>ergu</span> <span class='ocrx_word' id='word_1_28' title='bbox 803 675 834 724; x_wconf 89' lang='lat' dir='ltr'>te</span> <span class='ocrx_word' id='word_1_29' title='bbox 849 673 881 724; x_wconf 88' lang='lat' dir='ltr'>et</span> <span class='ocrx_word' id='word_1_30' title='bbox 894 661 1037 740; x_wconf 73' lang='lat' dir='ltr'>domum,</span> 
     </span>
    </p>

    <p class='ocr_par' dir='ltr' id='par_1_7' title="bbox 332 745 1144 832">
     <span class='ocr_line' id='line_1_7' title="bbox 332 745 1144 832; baseline 0.006 -22"><span class='ocrx_word' id='word_1_31' title='bbox 332 747 404 828; x_wconf 83' lang='lat' dir='ltr'>lpse</span> <span class='ocrx_word' id='word_1_32' title='bbox 418 747 506 810; x_wconf 83' lang='lat' dir='ltr'>testis</span> <span class='ocrx_word' id='word_1_33' title='bbox 521 745 593 822; x_wconf 86' lang='lat' dir='ltr'>eris,</span> <span class='ocrx_word' id='word_1_34' title='bbox 608 745 695 831; x_wconf 84' lang='lat' dir='ltr'>quod</span> <span class='ocrx_word' id='word_1_35' title='bbox 710 745 822 810; x_wconf 88' lang='lat' dir='ltr'>fuerim</span> <span class='ocrx_word' id='word_1_36' title='bbox 838 746 1036 831; x_wconf 83' lang='lat' dir='ltr'>inculpebllie</span> <span class='ocrx_word' id='word_1_37' title='bbox 1051 765 1144 832; x_wconf 76' lang='lat' dir='ltr'>uxor,</span> 
     </span>
    </p>

    <p class='ocr_par' dir='ltr' id='par_1_8' title="bbox 334 831 933 898">
     <span class='ocr_line' id='line_1_8' title="bbox 334 831 933 898; baseline -0.002 -1"><span class='ocrx_word' id='word_1_38' title='bbox 334 833 376 897; x_wconf 88' lang='lat' dir='ltr'>Et</span> <span class='ocrx_word' id='word_1_39' title='bbox 390 834 423 896; x_wconf 89' lang='lat' dir='ltr'>in</span> <span class='ocrx_word' id='word_1_40' title='bbox 438 832 533 898; x_wconf 87' lang='lat' dir='ltr'>rebus</span> <span class='ocrx_word' id='word_1_41' title='bbox 549 831 687 896; x_wconf 76' lang='lat' dir='ltr'>venereis</span> <span class='ocrx_word' id='word_1_42' title='bbox 701 844 787 895; x_wconf 83' lang='lat' dir='ltr'>suste</span> <span class='ocrx_word' id='word_1_43' title='bbox 800 845 832 896; x_wconf 86' lang='lat' dir='ltr'>et</span> <span class='ocrx_word' id='word_1_44' title='bbox 846 845 933 896; x_wconf 77' lang='lat' dir='ltr'>mrem</span> 
     </span>
    </p>

    <p class='ocr_par' dir='ltr' id='par_1_9' title="bbox 333 917 1090 1004">
     <span class='ocr_line' id='line_1_9' title="bbox 333 917 1090 1004; baseline 0.005 -20"><span class='ocrx_word' id='word_1_45' title='bbox 333 919 414 984; x_wconf 85' lang='lat' dir='ltr'>Rem</span> <span class='ocrx_word' id='word_1_46' title='bbox 430 917 615 984; x_wconf 79' lang='lat' dir='ltr'>familiarem</span> <span class='ocrx_word' id='word_1_47' title='bbox 631 935 760 1004; x_wconf 77' lang='lat' dir='ltr'>sugens,</span> <span class='ocrx_word' id='word_1_48' title='bbox 775 933 858 983; x_wconf 86' lang='lat' dir='ltr'>utet</span> <span class='ocrx_word' id='word_1_49' title='bbox 871 919 955 983; x_wconf 81' lang='lat' dir='ltr'>tedes</span> <span class='ocrx_word' id='word_1_50' title='bbox 968 919 1090 988; x_wconf 78' lang='lat' dir='ltr'>intretis</span> 
     </span>
    </p>

    <p class='ocr_par' dir='ltr' id='par_1_10' title="bbox 331 1004 1046 1088">
     <span class='ocr_line' id='line_1_10' title="bbox 331 1004 1046 1088; baseline 0.003 -18"><span class='ocrx_word' id='word_1_51' title='bbox 331 1005 502 1082; x_wconf 75' lang='lat' dir='ltr'>Gauderee,</span> <span class='ocrx_word' id='word_1_52' title='bbox 518 1017 550 1069; x_wconf 89' lang='lat' dir='ltr'>et</span> <span class='ocrx_word' id='word_1_53' title='bbox 561 1004 643 1067; x_wconf 85' lang='lat' dir='ltr'>fores</span> <span class='ocrx_word' id='word_1_54' title='bbox 658 1004 816 1088; x_wconf 80' lang='lat' dir='ltr'>prodicus,</span> <span class='ocrx_word' id='word_1_55' title='bbox 831 1004 942 1070; x_wconf 72' lang='lat' dir='ltr'>bmtus</span> <span class='ocrx_word' id='word_1_56' title='bbox 955 1023 1046 1072; x_wconf 69' lang='lat' dir='ltr'>essm.</span> 
     </span>
    </p>

    <p class='ocr_par' dir='ltr' id='par_1_11' title="bbox 330 1089 1346 1181">
     <span class='ocr_line' id='line_1_11' title="bbox 330 1089 1346 1181; baseline 0.007 -25"><span class='ocrx_word' id='word_1_57' title='bbox 330 1091 417 1156; x_wconf 79' lang='lat' dir='ltr'>liure</span> <span class='ocrx_word' id='word_1_58' title='bbox 431 1106 534 1156; x_wconf 85' lang='lat' dir='ltr'>eutem</span> <span class='ocrx_word' id='word_1_59' title='bbox 551 1101 594 1156; x_wconf 82' lang='lat' dir='ltr'>est</span> <span class='ocrx_word' id='word_1_60' title='bbox 608 1089 772 1176; x_wconf 78' lang='lat' dir='ltr'>acquisitio</span> <span class='ocrx_word' id='word_1_61' title='bbox 783 1091 861 1170; x_wconf 73' lang='lat' dir='ltr'>vire,</span> <span class='ocrx_word' id='word_1_62' title='bbox 872 1105 909 1156; x_wconf 84' lang='lat' dir='ltr'>ut</span> <span class='ocrx_word' id='word_1_63' title='bbox 920 1091 1014 1158; x_wconf 82' lang='lat' dir='ltr'>culeus</span> <span class='ocrx_word' id='word_1_64' title='bbox 1028 1089 1244 1181; x_wconf 69' lang='grc' dir='ltr'>οοιιεὲφιιιι·</span> <span class='ocrx_word' id='word_1_65' title='bbox 1255 1104 1346 1166; x_wconf 79' lang='lat'>1150</span> 
     </span>
    </p>

    <p class='ocr_par' dir='ltr' id='par_1_12' title="bbox 331 1177 1257 1246">
     <span class='ocr_line' id='line_1_12' title="bbox 331 1177 1257 1246; baseline 0.005 -4"><span class='ocrx_word' id='word_1_66' title='bbox 331 1179 493 1243; x_wconf 78' lang='lat' dir='ltr'>Uxorem:</span> <span class='ocrx_word' id='word_1_67' title='bbox 516 1177 571 1242; x_wconf 83' lang='lat' dir='ltr'>scd</span> <span class='ocrx_word' id='word_1_68' title='bbox 586 1193 651 1240; x_wconf 86' lang='lat' dir='ltr'>nou</span> <span class='ocrx_word' id='word_1_69' title='bbox 666 1191 711 1240; x_wconf 81' lang='lat' dir='ltr'>est</span> <span class='ocrx_word' id='word_1_70' title='bbox 726 1193 834 1242; x_wconf 81' lang='lat' dir='ltr'>mrum</span> <span class='ocrx_word' id='word_1_71' title='bbox 849 1177 966 1244; x_wconf 83' lang='lat' dir='ltr'>bebere</span> <span class='ocrx_word' id='word_1_72' title='bbox 981 1179 1095 1246; x_wconf 78' lang='lat' dir='ltr'>melem</span> <span class='ocrx_word' id='word_1_73' title='bbox 1110 1201 1257 1246; x_wconf 74' lang='lat' dir='ltr'>uxorem</span> 
     </span>
    </p>

    <p class='ocr_par' dir='ltr' id='par_1_13' title="bbox 331 1262 986 1350">
     <span class='ocr_line' id='line_1_13' title="bbox 331 1262 986 1350; baseline 0.003 -23"><span class='ocrx_word' id='word_1_74' title='bbox 331 1264 374 1327; x_wconf 83' lang='lat' dir='ltr'>Et</span> <span class='ocrx_word' id='word_1_75' title='bbox 387 1279 504 1350; x_wconf 84' lang='lat' dir='ltr'>praeter</span> <span class='ocrx_word' id='word_1_76' title='bbox 518 1278 581 1328; x_wconf 79' lang='lat' dir='ltr'>tres</span> <span class='ocrx_word' id='word_1_77' title='bbox 596 1262 675 1326; x_wconf 81' lang='lat' dir='ltr'>filies</span> <span class='ocrx_word' id='word_1_78' title='bbox 689 1265 799 1348; x_wconf 80' lang='lat' dir='ltr'>peperi</span> <span class='ocrx_word' id='word_1_79' title='bbox 812 1263 871 1329; x_wconf 82' lang='lat' dir='ltr'>tibi</span> <span class='ocrx_word' id='word_1_80' title='bbox 887 1263 986 1329; x_wconf 89' lang='lat' dir='ltr'>filium</span> 
     </span>
    </p>

    <p class='ocr_par' dir='ltr' id='par_1_14' title="bbox 336 1348 1226 1438">
     <span class='ocr_line' id='line_1_14' title="bbox 336 1348 1226 1438; baseline 0.004 -24"><span class='ocrx_word' id='word_1_81' title='bbox 336 1351 444 1426; x_wconf 85' lang='lat' dir='ltr'>Hunc,</span> <span class='ocrx_word' id='word_1_82' title='bbox 460 1372 501 1414; x_wconf 87' lang='lat' dir='ltr'>ex</span> <span class='ocrx_word' id='word_1_83' title='bbox 516 1348 631 1435; x_wconf 87' lang='lat' dir='ltr'>quibus</span> <span class='ocrx_word' id='word_1_84' title='bbox 647 1371 711 1412; x_wconf 86' lang='lat' dir='ltr'>uns</span> <span class='ocrx_word' id='word_1_85' title='bbox 724 1363 759 1413; x_wconf 86' lang='lat' dir='ltr'>tu</span> <span class='ocrx_word' id='word_1_86' title='bbox 774 1363 826 1415; x_wconf 84' lang='lat' dir='ltr'>me</span> <span class='ocrx_word' id='word_1_87' title='bbox 840 1351 1059 1417; x_wconf 70' lang='lat' dir='ltr'>miserabiliter</span> <span class='ocrx_word' id='word_1_88' title='bbox 1073 1348 1226 1438; x_wconf 75' lang='lat' dir='ltr'>privabis.</span> 
     </span>
    </p>

    <p class='ocr_par' dir='ltr' id='par_1_15' title="bbox 330 1435 1347 1598">
     <span class='ocr_line' id='line_1_15' title="bbox 330 1435 1347 1538; baseline 0.006 -36"><span class='ocrx_word' id='word_1_89' title='bbox 330 1437 374 1502; x_wconf 86' lang='lat' dir='ltr'>Et</span> <span class='ocrx_word' id='word_1_90' title='bbox 402 1436 427 1538; x_wconf 77' lang='lat' dir='ltr'>si</span> <span class='ocrx_word' id='word_1_91' title='bbox 450 1435 519 1521; x_wconf 83' lang='lat' dir='ltr'>quis</span> <span class='ocrx_word' id='word_1_92' title='bbox 540 1435 743 1522; x_wconf 65' lang='lat' dir='ltr'>inwmgcrlt</span> <span class='ocrx_word' id='word_1_93' title='bbox 767 1449 808 1514; x_wconf 82' lang='lat' dir='ltr'>te,</span> <span class='ocrx_word' id='word_1_94' title='bbox 830 1437 873 1501; x_wconf 86' lang='lat' dir='ltr'>ob</span> <span class='ocrx_word' id='word_1_95' title='bbox 898 1457 993 1522; x_wconf 79' lang='lat' dir='ltr'>quern</span> <span class='ocrx_word' id='word_1_96' title='bbox 1016 1455 1142 1504; x_wconf 79' lang='lat' dir='ltr'>cessem</span> <span class='ocrx_word' id='word_1_97' title='bbox 1167 1440 1347 1508; x_wconf 76' lang='lat' dir='ltr'>interficies</span> 
     </span>
     <span class='ocr_line' id='line_1_16' title="bbox 414 1539 524 1598; baseline -0.018 -12"><span class='ocrx_word' id='word_1_98' title='bbox 414 1539 425 1586; x_wconf 86' lang='lat' dir='ltr'>r</span> <span class='ocrx_word' id='word_1_99' title='bbox 448 1541 524 1598; x_wconf 80' lang='lat' dir='ltr'>scm,</span> 
     </span>
    </p>

    <p class='ocr_par' dir='ltr' id='par_1_16' title="bbox 329 1540 1307 1698">
     <span class='ocr_line' id='line_1_17' title="bbox 329 1540 1307 1698; baseline 0.004 -24"><span class='ocrx_word' id='word_1_100' title='bbox 329 1610 402 1684; x_wconf 84' lang='lat' dir='ltr'>Dic,</span> <span class='ocrx_word' id='word_1_101' title='bbox 418 1540 568 1693; x_wconf 62' lang='lat' dir='ltr'>duidnstn</span> <span class='ocrx_word' id='word_1_102' title='bbox 583 1603 692 1671; x_wconf 82' lang='lat' dir='ltr'>dices?</span> <span class='ocrx_word' id='word_1_103' title='bbox 712 1623 752 1671; x_wconf 82' lang='lat' dir='ltr'>ert</span> <span class='ocrx_word' id='word_1_104' title='bbox 769 1623 819 1672; x_wconf 84' lang='lat' dir='ltr'>mc</span> <span class='ocrx_word' id='word_1_105' title='bbox 833 1615 888 1673; x_wconf 82' lang='lat' dir='ltr'>luo</span> <span class='ocrx_word' id='word_1_106' title='bbox 903 1610 1032 1674; x_wconf 78' lang='lat' dir='ltr'>somine</span> <span class='ocrx_word' id='word_1_107' title='bbox 1045 1610 1132 1698; x_wconf 88' lang='lat' dir='ltr'>loqui</span> <span class='ocrx_word' id='word_1_108' title='bbox 1147 1612 1307 1696; x_wconf 80' lang='lat' dir='ltr'><strong>oportet?</strong></span> 
     </span>
    </p>

    <p class='ocr_par' dir='ltr' id='par_1_17' title="bbox 329 1694 1345 1784">
     <span class='ocr_line' id='line_1_18' title="bbox 329 1694 1345 1784; baseline 0.005 -23"><span class='ocrx_word' id='word_1_109' title='bbox 329 1696 377 1761; x_wconf 90' lang='lat' dir='ltr'>Ut</span> <span class='ocrx_word' id='word_1_110' title='bbox 392 1694 559 1760; x_wconf 71' lang='lat' dir='ltr'>Menelaus</span> <span class='ocrx_word' id='word_1_111' title='bbox 575 1694 732 1758; x_wconf 82' lang='lat' dir='ltr'>Helenum</span> <span class='ocrx_word' id='word_1_112' title='bbox 747 1695 891 1778; x_wconf 74' lang='lat' dir='ltr'>recipiet.</span> <span class='ocrx_word' id='word_1_113' title='bbox 930 1696 1124 1763; x_wconf 80' lang='lat' dir='ltr'>Prsscisrttm</span> <span class='ocrx_word' id='word_1_114' title='bbox 1139 1700 1262 1784; x_wconf 81' lang='lat' dir='ltr'>utique,</span> <span class='ocrx_word' id='word_1_115' title='bbox 1281 1718 1345 1766; x_wconf 76' lang='lat' dir='ltr'>stes</span> 
     </span>
    </p>

    <p class='ocr_par' dir='ltr' id='par_1_18' title="bbox 329 1777 1193 1864">
     <span class='ocr_line' id='line_1_19' title="bbox 329 1777 1193 1864; baseline 0.003 -18"><span class='ocrx_word' id='word_1_116' title='bbox 329 1781 429 1846; x_wconf 70' lang='lat' dir='ltr'>Male</span> <span class='ocrx_word' id='word_1_117' title='bbox 445 1781 582 1846; x_wconf 87' lang='lat' dir='ltr'>mulieris</span> <span class='ocrx_word' id='word_1_118' title='bbox 595 1783 731 1864; x_wconf 88' lang='lat' dir='ltr'>pretium</span> <span class='ocrx_word' id='word_1_119' title='bbox 747 1777 924 1864; x_wconf 75' lang='lat' dir='ltr'>persolvere</span> <span class='ocrx_word' id='word_1_120' title='bbox 937 1795 1055 1848; x_wconf 62' lang='lat' dir='ltr'>merus</span> <span class='ocrx_word' id='word_1_121' title='bbox 1067 1781 1193 1849; x_wconf 73' lang='lat' dir='ltr'>liberos·</span> 
     </span>
    </p>

    <p class='ocr_par' dir='ltr' id='par_1_19' title="bbox 327 1865 929 1934">
     <span class='ocr_line' id='line_1_20' title="bbox 327 1865 929 1934; baseline -0.003 0"><span class='ocrx_word' id='word_1_122' title='bbox 327 1867 520 1934; x_wconf 80' lang='lat' dir='ltr'>invisissime</span> <span class='ocrx_word' id='word_1_123' title='bbox 533 1865 721 1932; x_wconf 80' lang='lat' dir='ltr'>cbarissimis</span> <span class='ocrx_word' id='word_1_124' title='bbox 736 1867 929 1932; x_wconf 75' lang='lat' dir='ltr'>redimimus.</span> 
     </span>
    </p>

    <p class='ocr_par' dir='ltr' id='par_1_20' title="bbox 328 1951 1243 2042">
     <span class='ocr_line' id='line_1_21' title="bbox 328 1951 1243 2042; baseline 0.002 -22"><span class='ocrx_word' id='word_1_125' title='bbox 328 1957 399 2042; x_wconf 86' lang='lat' dir='ltr'>Age</span> <span class='ocrx_word' id='word_1_126' title='bbox 413 1977 490 2030; x_wconf 87' lang='lat' dir='ltr'>uero,</span> <span class='ocrx_word' id='word_1_127' title='bbox 506 1953 531 2017; x_wconf 84' lang='lat' dir='ltr'>si</span> <span class='ocrx_word' id='word_1_128' title='bbox 546 1955 653 2038; x_wconf 83' lang='lat' dir='ltr'>copies</span> <span class='ocrx_word' id='word_1_129' title='bbox 668 1955 735 2018; x_wconf 80' lang='lat' dir='ltr'>ltirc</span> <span class='ocrx_word' id='word_1_130' title='bbox 748 1955 855 2034; x_wconf 82' lang='lat' dir='ltr'>duces,</span> <span class='ocrx_word' id='word_1_131' title='bbox 870 1955 902 2018; x_wconf 86' lang='lat' dir='ltr'>iu</span> <span class='ocrx_word' id='word_1_132' title='bbox 918 1953 1041 2020; x_wconf 74' lang='lat' dir='ltr'>edibus</span> <span class='ocrx_word' id='word_1_133' title='bbox 1054 1977 1107 2021; x_wconf 88' lang='lat' dir='ltr'>mc</span> <span class='ocrx_word' id='word_1_134' title='bbox 1121 1951 1243 2036; x_wconf 73' lang='lat' dir='ltr'>relicta,</span> 
     </span>
    </p>

    <p class='ocr_par' dir='ltr' id='par_1_21' title="bbox 326 2039 1343 2126">
     <span class='ocr_line' id='line_1_22' title="bbox 326 2039 1343 2126; baseline 0.003 -21"><span class='ocrx_word' id='word_1_135' title='bbox 326 2041 371 2105; x_wconf 86' lang='lat' dir='ltr'>Et</span> <span class='ocrx_word' id='word_1_136' title='bbox 385 2039 448 2104; x_wconf 83' lang='lat' dir='ltr'>illic</span> <span class='ocrx_word' id='word_1_137' title='bbox 461 2039 591 2126; x_wconf 78' lang='lat' dir='ltr'>longum</span> <span class='ocrx_word' id='word_1_138' title='bbox 604 2053 727 2124; x_wconf 85' lang='lat' dir='ltr'>tempus</span> <span class='ocrx_word' id='word_1_139' title='bbox 741 2039 833 2116; x_wconf 76' lang='lat' dir='ltr'>absis,</span> <span class='ocrx_word' id='word_1_140' title='bbox 1246 2052 1343 2113; x_wconf 80' lang='lat'>1160</span> 
     </span>
    </p>

    <p class='ocr_par' dir='ltr' id='par_1_22' title="bbox 327 2119 1145 2213">
     <span class='ocr_line' id='line_1_23' title="bbox 327 2119 1145 2213; baseline 0.005 -23"><span class='ocrx_word' id='word_1_141' title='bbox 327 2127 432 2202; x_wconf 83' lang='lat' dir='ltr'>Quem</span> <span class='ocrx_word' id='word_1_142' title='bbox 448 2127 480 2188; x_wconf 89' lang='lat' dir='ltr'>lrt</span> <span class='ocrx_word' id='word_1_143' title='bbox 494 2125 614 2190; x_wconf 74' lang='lat' dir='ltr'>cedibus</span> <span class='ocrx_word' id='word_1_144' title='bbox 629 2128 769 2188; x_wconf 83' lang='lat' dir='ltr'>animum</span> <span class='ocrx_word' id='word_1_145' title='bbox 785 2141 835 2190; x_wconf 83' lang='lat' dir='ltr'>tttc</span> <span class='ocrx_word' id='word_1_146' title='bbox 849 2119 1027 2192; x_wconf 77' lang='lat' dir='ltr'>hebitursm</span> <span class='ocrx_word' id='word_1_147' title='bbox 1042 2141 1145 2213; x_wconf 77' lang='lat' dir='ltr'>putus,</span> 
     </span>
    </p>

    <p class='ocr_par' dir='ltr' id='par_1_23' title="bbox 325 2211 1071 2297">
     <span class='ocr_line' id='line_1_24' title="bbox 325 2211 1071 2297; baseline 0.004 -22"><span class='ocrx_word' id='word_1_148' title='bbox 325 2213 435 2288; x_wconf 89' lang='lat' dir='ltr'>Quum</span> <span class='ocrx_word' id='word_1_149' title='bbox 449 2211 537 2276; x_wconf 83' lang='lat' dir='ltr'>sedes</span> <span class='ocrx_word' id='word_1_150' title='bbox 552 2211 643 2297; x_wconf 81' lang='lat' dir='ltr'>hujus</span> <span class='ocrx_word' id='word_1_151' title='bbox 658 2231 766 2276; x_wconf 89' lang='lat' dir='ltr'>omnes</span> <span class='ocrx_word' id='word_1_152' title='bbox 782 2213 929 2297; x_wconf 73' lang='lat' dir='ltr'>aspiciam</span> <span class='ocrx_word' id='word_1_153' title='bbox 946 2234 1071 2292; x_wconf 81' lang='lat' dir='ltr'>vecurs,</span> 
     </span>
    </p>

    <p class='ocr_par' dir='ltr' id='par_1_24' title="bbox 324 2297 1201 2388">
     <span class='ocr_line' id='line_1_25' title="bbox 324 2297 1201 2388; baseline 0.005 -25"><span class='ocrx_word' id='word_1_154' title='bbox 324 2299 368 2363; x_wconf 86' lang='lat' dir='ltr'>Et</span> <span class='ocrx_word' id='word_1_155' title='bbox 382 2320 514 2362; x_wconf 78' lang='lat' dir='ltr'>vacuum</span> <span class='ocrx_word' id='word_1_156' title='bbox 530 2298 677 2361; x_wconf 73' lang='lat' dir='ltr'>conclave</span> <span class='ocrx_word' id='word_1_157' title='bbox 692 2297 874 2385; x_wconf 78' lang='lat' dir='ltr'>virginum?</span> <span class='ocrx_word' id='word_1_158' title='bbox 894 2300 927 2362; x_wconf 91' lang='lat' dir='ltr'>in</span> <span class='ocrx_word' id='word_1_159' title='bbox 942 2299 1111 2388; x_wconf 72' lang='lat' dir='ltr'>lachrymis</span> <span class='ocrx_word' id='word_1_160' title='bbox 1126 2321 1201 2367; x_wconf 78' lang='lat' dir='ltr'>vero</span> 
     </span>
    </p>

    <p class='ocr_par' dir='ltr' id='par_1_25' title="bbox 326 2383 998 2468">
     <span class='ocr_line' id='line_1_26' title="bbox 326 2383 998 2468; baseline -0.001 -16"><span class='ocrx_word' id='word_1_161' title='bbox 326 2383 456 2452; x_wconf 82' lang='lat' dir='ltr'>Sedecm</span> <span class='ocrx_word' id='word_1_162' title='bbox 472 2384 549 2460; x_wconf 83' lang='lat' dir='ltr'>sule,</span> <span class='ocrx_word' id='word_1_163' title='bbox 563 2402 686 2468; x_wconf 79' lang='lat' dir='ltr'>semper</span> <span class='ocrx_word' id='word_1_164' title='bbox 700 2385 792 2448; x_wconf 82' lang='lat' dir='ltr'>istem</span> <span class='ocrx_word' id='word_1_165' title='bbox 807 2384 998 2451; x_wconf 74' lang='lat' dir='ltr'>lamentans:</span> 
     </span>
    </p>

    <p class='ocr_par' dir='ltr' id='par_1_26' title="bbox 324 2469 982 2558">
     <span class='ocr_line' id='line_1_27' title="bbox 324 2469 982 2558; baseline 0.002 -23"><span class='ocrx_word' id='word_1_166' title='bbox 324 2469 467 2536; x_wconf 82' lang='lat' dir='ltr'>Perdidit</span> <span class='ocrx_word' id='word_1_167' title='bbox 481 2481 522 2546; x_wconf 89' lang='lat' dir='ltr'>te,</span> <span class='ocrx_word' id='word_1_168' title='bbox 538 2469 613 2546; x_wconf 82' lang='lat' dir='ltr'>iilis,</span> <span class='ocrx_word' id='word_1_169' title='bbox 628 2483 728 2554; x_wconf 84' lang='lat' dir='ltr'>puter,</span> <span class='ocrx_word' id='word_1_170' title='bbox 745 2471 799 2556; x_wconf 90' lang='lat' dir='ltr'>qui</span> <span class='ocrx_word' id='word_1_171' title='bbox 815 2485 846 2535; x_wconf 87' lang='lat' dir='ltr'>te</span> <span class='ocrx_word' id='word_1_172' title='bbox 862 2473 982 2558; x_wconf 81' lang='lat' dir='ltr'>genuit,</span> 
     </span>
    </p>

    <p class='ocr_par' dir='ltr' id='par_1_27' title="bbox 324 2555 1068 2642">
     <span class='ocr_line' id='line_1_28' title="bbox 324 2555 1068 2642; baseline 0.003 -20"><span class='ocrx_word' id='word_1_173' title='bbox 324 2559 398 2642; x_wconf 89' lang='lat' dir='ltr'>lpse</span> <span class='ocrx_word' id='word_1_174' title='bbox 413 2569 443 2620; x_wconf 82' lang='lat' dir='ltr'>ie</span> <span class='ocrx_word' id='word_1_175' title='bbox 456 2555 612 2632; x_wconf 79' lang='lat' dir='ltr'>occidens,</span> <span class='ocrx_word' id='word_1_176' title='bbox 627 2569 692 2619; x_wconf 84' lang='lat' dir='ltr'>bort</span> <span class='ocrx_word' id='word_1_177' title='bbox 707 2555 796 2633; x_wconf 70' lang='lat' dir='ltr'>ullus,</span> <span class='ocrx_word' id='word_1_178' title='bbox 813 2573 871 2621; x_wconf 87' lang='lat' dir='ltr'>rtec</span> <span class='ocrx_word' id='word_1_179' title='bbox 883 2557 946 2622; x_wconf 84' lang='lat' dir='ltr'>sliu</span> <span class='ocrx_word' id='word_1_180' title='bbox 961 2575 1068 2638; x_wconf 78' lang='lat' dir='ltr'>menti,</span> 
     </span>
    </p>

    <p class='ocr_par' dir='ltr' id='par_1_28' title="bbox 322 2643 1049 2728">
     <span class='ocr_line' id='line_1_29' title="bbox 322 2643 1049 2728; baseline 0 -20"><span class='ocrx_word' id='word_1_181' title='bbox 322 2645 403 2708; x_wconf 84' lang='lat' dir='ltr'>Tale</span> <span class='ocrx_word' id='word_1_182' title='bbox 418 2643 595 2728; x_wconf 86' lang='lat' dir='ltr'>relinquens</span> <span class='ocrx_word' id='word_1_183' title='bbox 609 2661 628 2707; x_wconf 87' lang='lat' dir='ltr'>s</span> <span class='ocrx_word' id='word_1_184' title='bbox 641 2643 760 2708; x_wconf 79' lang='lat' dir='ltr'>sectilis</span> <span class='ocrx_word' id='word_1_185' title='bbox 773 2657 828 2707; x_wconf 82' lang='lat' dir='ltr'>tus</span> <span class='ocrx_word' id='word_1_186' title='bbox 841 2643 1049 2728; x_wconf 75' lang='lat' dir='ltr'>vituperium:</span> 
     </span>
    </p>

    <p class='ocr_par' dir='ltr' id='par_1_29' title="bbox 322 2728 1013 2816">
     <span class='ocr_line' id='line_1_30' title="bbox 322 2728 1013 2816; baseline 0 -22"><span class='ocrx_word' id='word_1_187' title='bbox 322 2730 453 2816; x_wconf 87' lang='lat' dir='ltr'>Quippe</span> <span class='ocrx_word' id='word_1_188' title='bbox 466 2728 526 2794; x_wconf 83' lang='lat' dir='ltr'>levi</span> <span class='ocrx_word' id='word_1_189' title='bbox 540 2729 704 2801; x_wconf 71' lang='lat' dir='ltr'>occasione</span> <span class='ocrx_word' id='word_1_190' title='bbox 718 2743 840 2793; x_wconf 84' lang='lat' dir='ltr'>tuntum</span> <span class='ocrx_word' id='word_1_191' title='bbox 855 2743 936 2814; x_wconf 85' lang='lat' dir='ltr'>cpus</span> <span class='ocrx_word' id='word_1_192' title='bbox 950 2743 1013 2796; x_wconf 82' lang='lat' dir='ltr'>est:</span> 
     </span>
    </p>

    <p class='ocr_par' dir='ltr' id='par_1_30' title="bbox 322 2815 852 2903">
     <span class='ocr_line' id='line_1_31' title="bbox 322 2815 852 2903; baseline -0.008 -20"><span class='ocrx_word' id='word_1_193' title='bbox 322 2817 377 2884; x_wconf 90' lang='lat' dir='ltr'>Ob</span> <span class='ocrx_word' id='word_1_194' title='bbox 391 2833 486 2902; x_wconf 79' lang='lat' dir='ltr'>quem</span> <span class='ocrx_word' id='word_1_195' title='bbox 501 2831 571 2903; x_wconf 78' lang='lat' dir='ltr'>ego,</span> <span class='ocrx_word' id='word_1_196' title='bbox 587 2829 619 2880; x_wconf 87' lang='lat' dir='ltr'>et</span> <span class='ocrx_word' id='word_1_197' title='bbox 633 2815 707 2880; x_wconf 86' lang='lat' dir='ltr'>iilirc</span> <span class='ocrx_word' id='word_1_198' title='bbox 722 2816 777 2880; x_wconf 91' lang='lat' dir='ltr'>reli</span> <span class='ocrx_word' id='word_1_199' title='bbox 803 2835 852 2879; x_wconf 76' lang='lat' dir='ltr'>um</span> 
     </span>
    </p>

    <p class='ocr_par' dir='ltr' id='par_1_31' title="bbox 321 2837 1337 2990">
     <span class='ocr_line' id='line_1_32' title="bbox 321 2837 1337 2990; baseline 0.003 -22"><span class='ocrx_word' id='word_1_200' title='bbox 321 2905 524 2988; x_wconf 75' lang='lat' dir='ltr'>Excipiemue</span> <span class='ocrx_word' id='word_1_201' title='bbox 539 2915 570 2966; x_wconf 81' lang='lat' dir='ltr'>te</span> <span class='ocrx_word' id='word_1_202' title='bbox 583 2921 622 2966; x_wconf 85' lang='lat' dir='ltr'>eo</span> <span class='ocrx_word' id='word_1_203' title='bbox 636 2837 813 2987; x_wconf 78' lang='lat' dir='ltr'>excipiendi</span> <span class='ocrx_word' id='word_1_204' title='bbox 828 2901 934 2981; x_wconf 73' lang='lat' dir='ltr'>modo,</span> <span class='ocrx_word' id='word_1_205' title='bbox 949 2919 1014 2990; x_wconf 84' lang='lat' dir='ltr'>qtto</span> <span class='ocrx_word' id='word_1_206' title='bbox 1029 2915 1060 2968; x_wconf 77' lang='lat' dir='ltr'>cc</span> <span class='ocrx_word' id='word_1_207' title='bbox 1071 2905 1217 2990; x_wconf 74' lang='lat' dir='ltr'>euripus</span> <span class='ocrx_word' id='word_1_208' title='bbox 1223 2905 1337 2978; x_wconf 65' lang='lat' dir='ltr'>tleoet</span> 
     </span>
    </p>

    <p class='ocr_par' dir='ltr' id='par_1_32' title="bbox 319 2989 1331 3076">
     <span class='ocr_line' id='line_1_33' title="bbox 319 2989 1331 3076; baseline 0.005 -22"><span class='ocrx_word' id='word_1_209' title='bbox 319 2990 371 3054; x_wconf 91' lang='lat' dir='ltr'>Ne</span> <span class='ocrx_word' id='word_1_210' title='bbox 385 2991 482 3076; x_wconf 81' lang='lat' dir='ltr'>igitur</span> <span class='ocrx_word' id='word_1_211' title='bbox 495 3006 553 3074; x_wconf 89' lang='lat' dir='ltr'>per</span> <span class='ocrx_word' id='word_1_212' title='bbox 568 2989 665 3065; x_wconf 84' lang='lat' dir='ltr'>Deos,</span> <span class='ocrx_word' id='word_1_213' title='bbox 680 3007 721 3051; x_wconf 88' lang='lat' dir='ltr'>ne</span> <span class='ocrx_word' id='word_1_214' title='bbox 734 3006 828 3073; x_wconf 80' lang='lat' dir='ltr'>coges</span> <span class='ocrx_word' id='word_1_215' title='bbox 845 3005 894 3052; x_wconf 85' lang='lat' dir='ltr'>me</span> <span class='ocrx_word' id='word_1_216' title='bbox 1240 3003 1331 3066; x_wconf 75' lang='lat' dir='ltr'>lrrt</span> 
     </span>
    </p>

    <p class='ocr_par' dir='ltr' id='par_1_33' title="bbox 320 3075 1007 3224">
     <span class='ocr_line' id='line_1_34' title="bbox 320 3075 1007 3224; baseline -0.003 -84"><span class='ocrx_word' id='word_1_217' title='bbox 320 3075 441 3140; x_wconf 75' lang='lat' dir='ltr'>Melam</span> <span class='ocrx_word' id='word_1_218' title='bbox 457 3076 490 3138; x_wconf 88' lang='lat' dir='ltr'>lu</span> <span class='ocrx_word' id='word_1_219' title='bbox 505 3087 537 3139; x_wconf 87' lang='lat' dir='ltr'>te</span> <span class='ocrx_word' id='word_1_220' title='bbox 551 3091 627 3154; x_wconf 79' lang='lat' dir='ltr'>esse,</span> <span class='ocrx_word' id='word_1_221' title='bbox 642 3091 744 3224; x_wconf 49' lang='lat' dir='ltr'>tueque</span> <span class='ocrx_word' id='word_1_222' title='bbox 758 3087 792 3138; x_wconf 88' lang='lat' dir='ltr'>tu</span> <span class='ocrx_word' id='word_1_223' title='bbox 809 3076 851 3138; x_wconf 85' lang='lat' dir='ltr'>sis</span> <span class='ocrx_word' id='word_1_224' title='bbox 865 3095 938 3162; x_wconf 75' lang='lat' dir='ltr'>erge</span> <span class='ocrx_word' id='word_1_225' title='bbox 952 3094 1007 3140; x_wconf 76' lang='lat' dir='ltr'>me.</span> 
     </span>
    </p>

    <p class='ocr_par' dir='ltr' id='par_1_34' title="bbox 318 3160 1304 3250">
     <span class='ocr_line' id='line_1_35' title="bbox 318 3160 1304 3250; baseline 0.004 -24"><span class='ocrx_word' id='word_1_226' title='bbox 318 3161 423 3244; x_wconf 80' lang='lat' dir='ltr'>(Esto)</span> <span class='ocrx_word' id='word_1_227' title='bbox 441 3161 653 3247; x_wconf 79' lang='lat' dir='ltr'>muctabisque</span> <span class='ocrx_word' id='word_1_228' title='bbox 668 3160 782 3225; x_wconf 80' lang='lat' dir='ltr'>fliam:</span> <span class='ocrx_word' id='word_1_229' title='bbox 804 3173 881 3224; x_wconf 83' lang='lat' dir='ltr'>tunc</span> <span class='ocrx_word' id='word_1_230' title='bbox 895 3181 974 3248; x_wconf 81' lang='lat' dir='ltr'>quse</span> <span class='ocrx_word' id='word_1_231' title='bbox 988 3179 1097 3246; x_wconf 72' lang='lat' dir='ltr'>preces</span> <span class='ocrx_word' id='word_1_232' title='bbox 1110 3161 1304 3250; x_wconf 73' lang='lat' dir='ltr'>concipies?</span> 
     </span>
    </p>

    <p class='ocr_par' dir='ltr' id='par_1_35' title="bbox 319 3246 1109 3332">
     <span class='ocr_line' id='line_1_36' title="bbox 319 3246 1109 3332; baseline 0.004 -22"><span class='ocrx_word' id='word_1_233' title='bbox 319 3248 405 3324; x_wconf 88' lang='lat' dir='ltr'>Quid</span> <span class='ocrx_word' id='word_1_234' title='bbox 421 3247 478 3310; x_wconf 90' lang='lat' dir='ltr'>tibi</span> <span class='ocrx_word' id='word_1_235' title='bbox 492 3246 578 3322; x_wconf 74' lang='lat' dir='ltr'>boni,</span> <span class='ocrx_word' id='word_1_236' title='bbox 594 3247 627 3309; x_wconf 85' lang='lat' dir='ltr'>in</span> <span class='ocrx_word' id='word_1_237' title='bbox 641 3246 794 3312; x_wconf 77' lang='lat' dir='ltr'>sacrificio</span> <span class='ocrx_word' id='word_1_238' title='bbox 807 3247 892 3322; x_wconf 73' lang='lat' dir='ltr'>utre,</span> <span class='ocrx_word' id='word_1_239' title='bbox 908 3247 1109 3332; x_wconf 80' lang='lat' dir='ltr'>preccberisl</span> 
     </span>
    </p>

    <p class='ocr_par' dir='ltr' id='par_1_36' title="bbox 318 3332 1315 3420">
     <span class='ocr_line' id='line_1_37' title="bbox 318 3332 1315 3420; baseline 0.001 -22"><span class='ocrx_word' id='word_1_240' title='bbox 318 3333 406 3398; x_wconf 80' lang='lat' dir='ltr'>Nucl</span> <span class='ocrx_word' id='word_1_241' title='bbox 421 3332 555 3397; x_wconf 86' lang='lat' dir='ltr'>reditum</span> <span class='ocrx_word' id='word_1_242' title='bbox 572 3332 699 3410; x_wconf 83' lang='lat' dir='ltr'>melum,</span> <span class='ocrx_word' id='word_1_243' title='bbox 715 3355 787 3397; x_wconf 87' lang='lat' dir='ltr'>cum</span> <span class='ocrx_word' id='word_1_244' title='bbox 803 3334 937 3418; x_wconf 82' lang='lat' dir='ltr'>turpiter</span> <span class='ocrx_word' id='word_1_245' title='bbox 950 3335 1048 3399; x_wconf 87' lang='lat' dir='ltr'>domo</span> <span class='ocrx_word' id='word_1_246' title='bbox 1062 3335 1103 3399; x_wconf 82' lang='lat' dir='ltr'>sis</span> <span class='ocrx_word' id='word_1_247' title='bbox 1116 3335 1315 3420; x_wconf 72' lang='lat' dir='ltr'>proiectus?</span> 
     </span>
    </p>

    <p class='ocr_par' dir='ltr' id='par_1_37' title="bbox 319 3413 1151 3505">
     <span class='ocr_line' id='line_1_38' title="bbox 319 3413 1151 3505; baseline 0 -19"><span class='ocrx_word' id='word_1_248' title='bbox 319 3419 383 3486; x_wconf 85' lang='lat' dir='ltr'>Sed</span> <span class='ocrx_word' id='word_1_249' title='bbox 397 3441 438 3483; x_wconf 86' lang='lat' dir='ltr'>atr</span> <span class='ocrx_word' id='word_1_250' title='bbox 453 3441 503 3483; x_wconf 88' lang='lat' dir='ltr'>me</span> <span class='ocrx_word' id='word_1_251' title='bbox 513 3420 633 3504; x_wconf 84' lang='lat' dir='ltr'>justum</span> <span class='ocrx_word' id='word_1_252' title='bbox 647 3433 694 3484; x_wconf 81' lang='lat' dir='ltr'>est</span> <span class='ocrx_word' id='word_1_253' title='bbox 707 3413 824 3505; x_wconf 75' lang='lat' dir='ltr'>aliquid</span> <span class='ocrx_word' id='word_1_254' title='bbox 842 3421 917 3483; x_wconf 84' lang='lat' dir='ltr'>boni</span> <span class='ocrx_word' id='word_1_255' title='bbox 931 3423 1054 3505; x_wconf 78' lang='lat' dir='ltr'>pressuri</span> <span class='ocrx_word' id='word_1_256' title='bbox 1070 3421 1151 3486; x_wconf 77' lang='lat' dir='ltr'>libii</span> 
     </span>
    </p>

    <p class='ocr_par' dir='ltr' id='par_1_38' title="bbox 318 3505 1075 3591">
     <span class='ocr_line' id='line_1_39' title="bbox 318 3505 1075 3591; baseline 0.001 -20"><span class='ocrx_word' id='word_1_257' title='bbox 318 3507 441 3591; x_wconf 87' lang='lat' dir='ltr'>Nempe</span> <span class='ocrx_word' id='word_1_258' title='bbox 455 3505 543 3569; x_wconf 83' lang='lat' dir='ltr'>Deos</span> <span class='ocrx_word' id='word_1_259' title='bbox 557 3520 616 3590; x_wconf 86' lang='lat' dir='ltr'>pru</span> <span class='ocrx_word' id='word_1_260' title='bbox 631 3505 733 3570; x_wconf 84' lang='lat' dir='ltr'>stultis</span> <span class='ocrx_word' id='word_1_261' title='bbox 747 3506 865 3570; x_wconf 85' lang='lat' dir='ltr'>lrsbere</span> <span class='ocrx_word' id='word_1_262' title='bbox 877 3526 1002 3572; x_wconf 80' lang='lat' dir='ltr'>neeesse</span> <span class='ocrx_word' id='word_1_263' title='bbox 1014 3519 1075 3588; x_wconf 81' lang='lat' dir='ltr'>est,</span> 
     </span>
    </p>

    <p class='ocr_par' dir='ltr' id='par_1_39' title="bbox 317 3590 898 3677">
     <span class='ocr_line' id='line_1_40' title="bbox 317 3590 898 3677; baseline -0.003 -18"><span class='ocrx_word' id='word_1_264' title='bbox 317 3593 351 3660; x_wconf 89' lang='lat' dir='ltr'>Si</span> <span class='ocrx_word' id='word_1_265' title='bbox 368 3591 531 3676; x_wconf 75' lang='lat' dir='ltr'>parricidis</span> <span class='ocrx_word' id='word_1_266' title='bbox 546 3603 696 3677; x_wconf 82' lang='lat' dir='ltr'>prospere</span> <span class='ocrx_word' id='word_1_267' title='bbox 709 3590 898 3676; x_wconf 73' lang='lat' dir='ltr'>precemur?</span> 
     </span>
    </p>

    <p class='ocr_par' dir='ltr' id='par_1_40' title="bbox 316 3677 1223 3764">
     <span class='ocr_line' id='line_1_41' title="bbox 316 3677 1223 3764; baseline 0.002 -20"><span class='ocrx_word' id='word_1_268' title='bbox 316 3679 371 3744; x_wconf 87' lang='lat' dir='ltr'>An</span> <span class='ocrx_word' id='word_1_269' title='bbox 387 3701 460 3743; x_wconf 86' lang='lat' dir='ltr'>vero</span> <span class='ocrx_word' id='word_1_270' title='bbox 475 3683 521 3743; x_wconf 83' lang='lat' dir='ltr'>Ar</span> <span class='ocrx_word' id='word_1_271' title='bbox 543 3701 579 3742; x_wconf 88' lang='lat' dir='ltr'>oe</span> <span class='ocrx_word' id='word_1_272' title='bbox 592 3693 735 3742; x_wconf 87' lang='lat' dir='ltr'>reversus</span> <span class='ocrx_word' id='word_1_273' title='bbox 750 3677 981 3764; x_wconf 73' lang='lat' dir='ltr'>amplexaberis</span> <span class='ocrx_word' id='word_1_274' title='bbox 994 3677 1109 3744; x_wconf 85' lang='lat' dir='ltr'>liberos</span> <span class='ocrx_word' id='word_1_275' title='bbox 1123 3679 1223 3746; x_wconf 80' lang='lat' dir='ltr'>tuos?</span> 
     </span>
    </p>

    <p class='ocr_par' dir='ltr' id='par_1_41' title="bbox 316 3699 1335 3842">
     <span class='ocr_line' id='line_1_42' title="bbox 316 3699 1335 3842; baseline 0.005 -12"><span class='ocrx_word' id='word_1_276' title='bbox 316 3767 360 3830; x_wconf 83' lang='lat' dir='ltr'>At</span> <span class='ocrx_word' id='word_1_277' title='bbox 375 3767 430 3830; x_wconf 80' lang='lat' dir='ltr'>icc</span> <span class='ocrx_word' id='word_1_278' title='bbox 443 3785 506 3829; x_wconf 87' lang='lat' dir='ltr'>non</span> <span class='ocrx_word' id='word_1_279' title='bbox 520 3699 629 3830; x_wconf 71' lang='lat' dir='ltr'>icebit</span> <span class='ocrx_word' id='word_1_280' title='bbox 643 3763 712 3829; x_wconf 89' lang='lat' dir='ltr'>tibi.</span> <span class='ocrx_word' id='word_1_281' title='bbox 756 3764 839 3841; x_wconf 86' lang='lat' dir='ltr'>Quis</span> <span class='ocrx_word' id='word_1_282' title='bbox 852 3777 957 3830; x_wconf 81' lang='lat' dir='ltr'>sutem</span> <span class='ocrx_word' id='word_1_283' title='bbox 972 3767 1067 3830; x_wconf 87' lang='lat' dir='ltr'>etism</span> <span class='ocrx_word' id='word_1_284' title='bbox 1139 3767 1214 3832; x_wconf 83' lang='lat' dir='ltr'>iciet</span> <span class='ocrx_word' id='word_1_285' title='bbox 1240 3779 1335 3842; x_wconf 82' lang='lat'>1180</span> 
     </span>
    </p>

    <p class='ocr_par' dir='ltr' id='par_1_42' title="bbox 314 3850 1215 3936">
     <span class='ocr_line' id='line_1_43' title="bbox 314 3850 1215 3936; baseline 0.002 -20"><span class='ocrx_word' id='word_1_286' title='bbox 314 3851 364 3916; x_wconf 81' lang='lat' dir='ltr'>&#39;l&#39;e</span> <span class='ocrx_word' id='word_1_287' title='bbox 378 3851 560 3928; x_wconf 88' lang='lat' dir='ltr'>liberorum,</span> <span class='ocrx_word' id='word_1_288' title='bbox 577 3851 601 3914; x_wconf 84' lang='lat' dir='ltr'>si</span> <span class='ocrx_word' id='word_1_289' title='bbox 617 3850 751 3936; x_wconf 77' lang='lat' dir='ltr'>aliquem</span> <span class='ocrx_word' id='word_1_290' title='bbox 768 3867 808 3915; x_wconf 85' lang='lat' dir='ltr'>et</span> <span class='ocrx_word' id='word_1_291' title='bbox 823 3852 900 3935; x_wconf 84' lang='lat' dir='ltr'>ipsis</span> <span class='ocrx_word' id='word_1_292' title='bbox 914 3851 1067 3917; x_wconf 68' lang='lat' dir='ltr'>owidmis</span> <span class='ocrx_word' id='word_1_293' title='bbox 1135 3851 1215 3918; x_wconf 73' lang='lat' dir='ltr'>rm?</span> 
     </span>
    </p>

    <p class='ocr_par' dir='ltr' id='par_1_43' title="bbox 317 3936 1260 4025">
     <span class='ocr_line' id='line_1_44' title="bbox 317 3936 1260 4025; baseline 0.006 -24"><span class='ocrx_word' id='word_1_294' title='bbox 317 3939 399 4001; x_wconf 82' lang='lat' dir='ltr'>llaec</span> <span class='ocrx_word' id='word_1_295' title='bbox 412 3937 470 4002; x_wconf 93' lang='lat' dir='ltr'>tibi</span> <span class='ocrx_word' id='word_1_296' title='bbox 486 3938 518 4001; x_wconf 88' lang='lat' dir='ltr'>in</span> <span class='ocrx_word' id='word_1_297' title='bbox 533 3936 791 4002; x_wconf 83' lang='lat' dir='ltr'>deliberationem</span> <span class='ocrx_word' id='word_1_298' title='bbox 809 3949 979 4004; x_wconf 82' lang='lat' dir='ltr'>venerunt:</span> <span class='ocrx_word' id='word_1_299' title='bbox 1002 3956 1043 4002; x_wconf 84' lang='lat' dir='ltr'>sn</span> <span class='ocrx_word' id='word_1_300' title='bbox 1057 3951 1184 4025; x_wconf 74' lang='lat' dir='ltr'>sceptus</span> <span class='ocrx_word' id='word_1_301' title='bbox 1197 3939 1260 4007; x_wconf 83' lang='lat' dir='ltr'>tibi</span> 
     </span>
    </p>

    <p class='ocr_par' dir='ltr' id='par_1_44' title="bbox 312 4023 1105 4110">
     <span class='ocr_line' id='line_1_45' title="bbox 312 4023 1105 4110; baseline 0.003 -22"><span class='ocrx_word' id='word_1_302' title='bbox 312 4023 453 4088; x_wconf 78' lang='lat' dir='ltr'>Tantum</span> <span class='ocrx_word' id='word_1_303' title='bbox 470 4025 502 4087; x_wconf 87' lang='lat' dir='ltr'>in</span> <span class='ocrx_word' id='word_1_304' title='bbox 518 4024 716 4108; x_wconf 82' lang='lat' dir='ltr'>pretiosum,</span> <span class='ocrx_word' id='word_1_305' title='bbox 731 4035 763 4088; x_wconf 84' lang='lat' dir='ltr'>et</span> <span class='ocrx_word' id='word_1_306' title='bbox 777 4023 920 4089; x_wconf 82' lang='lat' dir='ltr'>Ducibus</span> <span class='ocrx_word' id='word_1_307' title='bbox 934 4025 1105 4110; x_wconf 78' lang='lat' dir='ltr'>impeteret</span> 
     </span>
    </p>
   </div>
   <div class='ocr_carea' id='block_1_4' title="bbox 247 4101 1074 4196">
    <p class='ocr_par' dir='ltr' id='par_1_45' title="bbox 247 4101 1074 4196">
     <span class='ocr_line' id='line_1_46' title="bbox 247 4101 1074 4196; baseline 0.006 -25"><span class='ocrx_word' id='word_1_308' title='bbox 247 4103 251 4110; x_wconf 76' lang='grc'><strong>’</strong></span> <span class='ocrx_word' id='word_1_309' title='bbox 315 4110 422 4185; x_wconf 91' lang='lat' dir='ltr'>Quem</span> <span class='ocrx_word' id='word_1_310' title='bbox 430 4111 516 4196; x_wconf 84' lang='lat' dir='ltr'>justu</span> <span class='ocrx_word' id='word_1_311' title='bbox 529 4101 615 4194; x_wconf 89' lang='lat' dir='ltr'>epud</span> <span class='ocrx_word' id='word_1_312' title='bbox 631 4109 763 4174; x_wconf 83' lang='lat' dir='ltr'>Graecoe</span> <span class='ocrx_word' id='word_1_313' title='bbox 777 4106 884 4175; x_wconf 88' lang='lat' dir='ltr'>dicere</span> <span class='ocrx_word' id='word_1_314' title='bbox 896 4111 1074 4196; x_wconf 72' lang='lat' dir='ltr'>oportebat</span> 
     </span>
    </p>
   </div>
   <div class='ocr_carea' id='block_1_5' title="bbox 312 4193 1068 4367">
    <p class='ocr_par' dir='ltr' id='par_1_46' title="bbox 312 4193 1068 4367">
     <span class='ocr_line' id='line_1_47' title="bbox 312 4193 952 4284; baseline 0.005 -26"><span class='ocrx_word' id='word_1_315' title='bbox 312 4194 427 4271; x_wconf 84' lang='lat' dir='ltr'>Vultis,</span> <span class='ocrx_word' id='word_1_316' title='bbox 444 4197 561 4274; x_wconf 80' lang='lat' dir='ltr'>Groeci,</span> <span class='ocrx_word' id='word_1_317' title='bbox 577 4196 725 4283; x_wconf 77' lang='lat' dir='ltr'>nevigcre</span> <span class='ocrx_word' id='word_1_318' title='bbox 739 4195 779 4260; x_wconf 85' lang='lat' dir='ltr'>cd</span> <span class='ocrx_word' id='word_1_319' title='bbox 796 4193 952 4284; x_wconf 79' lang='lat' dir='ltr'>Trojumi</span> 
     </span>
     <span class='ocr_line' id='line_1_48' title="bbox 312 4281 1068 4367; baseline -0.005 -17"><span class='ocrx_word' id='word_1_320' title='bbox 312 4281 447 4350; x_wconf 79' lang='lat' dir='ltr'>Ducetis</span> <span class='ocrx_word' id='word_1_321' title='bbox 460 4295 587 4358; x_wconf 80' lang='lat' dir='ltr'>sortem,</span> <span class='ocrx_word' id='word_1_322' title='bbox 602 4283 690 4367; x_wconf 87' lang='lat' dir='ltr'>cujus</span> <span class='ocrx_word' id='word_1_323' title='bbox 705 4281 802 4348; x_wconf 76' lang='lat' dir='ltr'>fllium</span> <span class='ocrx_word' id='word_1_324' title='bbox 816 4293 962 4367; x_wconf 75' lang='lat' dir='ltr'>oporteu</span> <span class='ocrx_word' id='word_1_325' title='bbox 976 4284 1068 4348; x_wconf 84' lang='lat' dir='ltr'>mori.</span> 
     </span>
    </p>
   </div>
   <div class='ocr_carea' id='block_1_6' title="bbox 0 0 1436 4864">
    <p class='ocr_par' dir='ltr' id='par_1_47' title="bbox 0 0 1436 4864">
     <span class='ocr_line' id='line_1_49' title="bbox 0 0 1436 4864; baseline 0 7"><span class='ocrx_word' id='word_1_326' title='bbox 0 0 1436 4864; x_wconf 95' lang='lat' dir='ltr'> </span> 
     </span>
    </p>
   </div>
  </div>
 </body>
</html>
