2854 4866
115 271 124 284 .
190 215 199 228 ·
243 241 306 300 aas
623 223 956 310 autumnis
1089 213 1093 220 ’

333 401 376 468 Et
390 399 506 466 clamat
520 398 755 484 Delpbicorurn
768 397 861 476 lilios,
878 398 1078 487 interrogans
1090 399 1181 468 hec:
1259 413 1344 470 ltuo

332 488 442 565 Quare
456 508 507 550 me
520 485 675 563 occiditis,
688 488 774 572 piam
790 485 872 550 viam

331 570 546 640 Venientem?
568 585 699 658 propter
715 593 809 658 quam
824 592 952 636 caracam
965 570 1084 656 pereo?

331 660 470 726 Istorum
485 681 569 736 vero,
581 680 655 723 cum
669 681 770 744 prope
780 671 882 722 emerit
892 657 1062 736 innumeri,
1075 659 1154 724 nibil
1169 662 1343 748 quicquam

330 746 435 823 Dixit,
451 744 507 810 sed
522 744 726 810 meminus
741 742 892 828 petebant
905 741 1065 828 lapidibus
1079 767 1177 811 manu
1186 749 1299 832 jactis.

330 832 476 898 Obrutus
490 845 595 898 nutem
609 829 750 918 undique
763 852 816 894 ceu
829 829 934 895 densis
946 830 1068 895 nivium
1081 831 1250 910 imbribus,

330 917 512 1004 Objiciebat
525 939 625 994 arma,
640 929 673 980 et
688 915 817 981 cavebat
830 916 923 998 ictus,

332 1005 411 1069 Huc
425 1004 501 1068 illuc
515 1025 613 1069 manu
627 1002 949 1088 objiciensclypeum.

263 1145 268 1152 .
332 1091 396 1156 Sed
409 1089 490 1154 nihil
502 1089 707 1175 proficiebat:
730 1110 806 1152 nam
819 1087 920 1153 multa
934 1088 1028 1152 simul
1042 1090 1116 1168 tela,

332 1177 475 1265 Sagittoe,
491 1189 651 1241 amentata
658 1173 777 1260 jacula,
788 1173 953 1261 solutaque
968 1175 1106 1254 missilia,

331 1263 499 1350 Veruaqne
512 1262 628 1350 quibus
637 1259 784 1326 transfixi
799 1262 895 1326 boves
910 1269 1081 1340 torrentur,
1090 1261 1251 1330 cadebant
1265 1278 1344 1329 ante

439 1348 529 1414 edes:
1253 1360 1343 1417 1110

331 1371 471 1500 Vidisldes
485 1447 591 1498 antem
606 1431 764 1497 mirabiles
776 1431 959 1498 saltationes
972 1435 1110 1500 caventis

330 1520 412 1586 Tela
425 1519 500 1584 filii:
522 1541 596 1585 cum
610 1534 715 1584 autem
729 1519 832 1604 ipsum
848 1519 1054 1584 circumcirca
1066 1535 1183 1586 stantes

330 1606 481 1694 Undique
509 1605 692 1670 conclusum
731 1617 885 1683 tenerent,
915 1627 980 1670 non
1015 1606 1141 1672 dantes·
1156 1609 1342 1694 respirandi

329 1780 407 1845 Arae
415 1713 551 1844 ppeperarpp,
561 1777 889 1862 victimas-recipiente
902 1776 984 1857 loco,

330 1865 455 1934 Sullana
469 1864 602 1950 pedibus
617 1865 792 1950 Trojanum
808 1863 931 1942 saltum,

329 1950 428 2016 Vadit
441 1966 552 2017 contra
566 1973 636 2015 eos:
661 1949 712 2014 isti
725 1971 812 2028 vero,
827 1949 908 2016 sicut
921 1951 1076 2018 eolumbae

328 2037 521 2122 Accipitrem
538 2059 613 2102 cons
637 2035 737 2113 icatae,
753 2035 915 2124 adingam
929 2049 1019 2126 terga
1032 2049 1208 2104 verterunt.

331 2121 429 2203 Multi
444 2136 549 2188 antem
564 2143 602 2186 ca
626 2122 720 2186 ebant
735 2123 927 2204 promiscue,
937 2135 969 2189 et
982 2145 1023 2189 ex
1039 2123 1228 2190 vulneribus

329 2208 372 2274 Et
386 2208 447 2294 ipsi
461 2232 481 2273 a
495 2231 528 2274 se
541 2209 704 2274 maminoti
718 2229 774 2294 per
787 2223 937 2296 angustos
950 2209 1066 2288 exitus,

328 2293 489 2360 Inbustus
503 2307 610 2360 autern
623 2293 745 2359 clamor
758 2295 791 2362 in
806 2317 896 2360 sacra
908 2295 1006 2361 domo
1253 2308 1342 2364 1120

328 2379 484 2446 Reaonuit
497 2403 539 2445 ex
553 2381 658 2445 saxis:
680 2403 735 2446 seu
749 2397 855 2446 autem
870 2381 1090 2469 tranquillitas,

329 2465 423 2532 Stetit
436 2465 584 2532 dominus
598 2466 707 2532 lucens
720 2467 893 2552 splendidis
907 2469 1014 2545 armis,

327 2551 517 2640 Priusquam
532 2553 661 2640 quidam
676 2575 718 2617 ex
732 2553 843 2618 mediis
857 2553 960 2640 adytis
973 2557 1073 2622 edidit

326 2638 442 2704 Dirum
456 2652 489 2705 et
501 2639 687 2705 horribilem
701 2659 820 2717 vocem,
833 2653 868 2706 et
882 2640 1009 2726 impulit
1020 2642 1196 2708 exercitum

327 2724 524 2791 Convertena
538 2725 578 2790 ad
593 2747 752 2814 pugnam:
777 2727 822 2790 ibi
835 2727 922 2792 cadit
935 2727 1071 2792 Achillis

325 2810 424 2876 nlius
438 2813 618 2878 vulneratus
632 2815 666 2877 in
679 2811 831 2878 lateribus
845 2827 939 2879 acuto
952 2813 1061 2902 gladio

325 2898 357 2961 A
371 2899 440 2962 viro
453 2898 623 2984 Delphico,
640 2899 695 2984 qui
710 2920 782 2963 eum
798 2899 936 2983 perdidit

327 2983 411 3048 Cum
426 2983 533 3051 multis
546 2985 632 3050 aliiae
714 2997 822 3072 tquam
838 2999 944 3051 autem
959 2985 1000 3052 ad
1015 3000 1131 3052 terram
1146 2989 1247 3066 cadit,

325 3068 409 3145 Quis
422 3090 486 3135 non
502 3071 619 3136 ferrum
635 3094 653 3137 a
676 3071 763 3160 egit?
787 3073 935 3158 quianon
949 3095 1073 3152 saxum,

323 3154 461 3236 Jaciens,
476 3156 634 3240 madens?
666 3157 900 3243 consumptum
915 3173 962 3225 est
975 3173 1081 3246 autem
1096 3171 1200 3225 totum
1215 3182 1341 3246 corpus

325 3239 500 3308 Pulchrum
515 3244 640 3308 asaevis
654 3243 844 3310 vulneribus.
954 3309 958 3316 ,
1246 3255 1333 3316 11³1

325 3327 428 3393 Porro
441 3327 575 3394 mdsver
589 3329 686 3416 ipsius
696 3331 806 3418 jacens
819 3343 894 3398 ante
907 3330 1016 3410 altare,

324 3411 495 3482 E'eeerunt
508 3429 600 3482 extra
612 3420 732 3502 templa
745 3417 882 3482 victimis
895 3417 1012 3519 opima.

357 3523 392 3566 os
407 3523 491 3580 vero,
505 3502 692 3588 arripientes
726 3523 800 3568 nam
814 3503 976 3570 celerrime
988 3504 1145 3581 munibus,

325 3585 492 3654 Portemus
505 3589 610 3675 ipsum
625 3587 682 3654 tibi
696 3527 877 3655 deflendum
890 3589 1037 3678 lacrymis

321 3671 365 3738 Et
378 3672 563 3759 lugendum,
578 3697 686 3754 settex,
700 3689 732 3740 et
746 3690 840 3741 terrae
854 3677 1033 3742 ornandum
1047 3675 1228 3763 sepultura:

321 3757 416 3829 Talis
430 3781 488 3826 rex
502 3763 621 3846 Apollo,
637 3761 693 3848 qni
706 3761 895 3828 venenant
908 3762 988 3841 aliis,

322 3843 389 3920 Qui
402 3861 450 3912 est
458 3846 560 3948 judex
568 3849 701 3934 justitiae
716 3848 863 3914 omnibus
874 3849 1067 3930 bominibus,

321 3930 408 3997 Fecit
422 3933 489 3999 lilio
504 3933 640 4000 Achillia
654 3933 743 3998 danti
752 3956 879 4020 ‘poenau

321 4014 364 4081 Et
378 4020 562 4086 recordatus
575 4033 634 4100 eut,
647 4023 729 4086 siout
740 4021 843 4086 malus
857 4021 965 4100 homo,
1245 4029 1339 4094 tiso

319 4101 435 4168 Vetera
443 4107 570 4194 jurgia:
593 4106 754 4194 qut-odo
768 4121 847 4172 esset
861 4109 962 4195 igitur
973 4101 1122 4194 sapient?

232 4188 411 4276 caoAtqui
426 4195 649 4294 eccarexipae
706 4208 808 4260 rtatns
953 4241 982 4262 ..
1198 4199 1270 4280 (tlt.
1286 4201 1339 4280 1.)

318 4273 369 4340 Ex
384 4289 469 4343 terra
483 4277 640 4366 Delphica
698 4301 785 4348 munt
799 4279 931 4348 accedit.
