2882 4858
279 215 343 274 tu
667 159 970 278 euurururs

279 383 451 460 anutd
465 381 654 448 facientem?
672 397 814 472 optarem
825 401 911 452 certe
921 389 1057 452 teoidm
1066 385 1199 453 feliciter
1208 401 1345 476 agentem.

279 493 345 537 101..
360 470 588 535 Vulncrautem
602 470 737 559 aliquem
753 496 792 538 ex
807 473 949 539 hostibus
963 495 1021 560 pet·
1034 473 1192 561 clypeum.
1296 483 1341 542 ttt

279 557 397 622 rausi
411 556 508 621 modo
522 557 699 623 veniemust
722 558 784 625 hoc
797 561 881 624 euim
895 573 1010 626 metus.

278 665 344 709 tut.
362 641 464 724 (Proh
478 640 503 724 l)
525 643 656 722 utinam,
672 647 703 708 0
716 667 810 710 meror
825 646 1001 724 brachium,
1017 647 1110 736 quale
1123 661 1156 713 te
1168 649 1330 734 pubescens

364 728 571 795 Meminimus
585 749 652 810 nos,
668 731 797 818 quaudo
810 753 883 798 cum
900 733 1043 799 Hercule

363 817 387 881 S
410 829 509 880 artam
525 819 722 916 expugnasti,
738 818 841 884 socius
855 821 897 884 sis
913 819 990 884 milti

394 901 462 980 alis,
478 900 561 967 solus
576 925 652 968 etum
668 902 880 991 Eurystheum
895 905 928 970 iu
943 905 1050 994 fugam

361 981 546 1137 Vertplrem!
581 989 657 1076 quia
678 989 820 1075 profecto
844 993 976 1081 ignarus
1004 1003 1049 1056 est
1077 991 1118 1058 ad
1148 989 1345 1057 sustinendam

469 1087 580 1140 astam.
955 1109 958 1120 ·

361 1159 438 1226 Hoc
452 1173 557 1225 autem
572 1161 665 1226 etiam
677 1162 709 1226 iu
725 1163 887 1249 opulentia
903 1187 966 1230 nou
982 1177 1066 1230 recte
1079 1163 1230 1242 sehabet,

359 1245 565 1312 Fortitudinis
579 1248 705 1331 opinio:
728 1265 877 1335 putamus
892 1251 987 1328 enim,

360 1332 497 1398 Felicem
511 1333 620 1398 omnia
633 1333 714 1399 bene
728 1338 816 1402 scire.
1289 1343 1342 1404 tto
1408 1381 1409 1402 t

273 1417 393 1485 cuo.0
409 1417 510 1483 Terra
525 1419 557 1485 Ο
571 1421 664 1485 Luna
676 1441 735 1507 per
748 1435 846 1489 totam
865 1436 988 1489 noctem
1003 1423 1109 1488 luocus
1228 1427 1292 1508 (stt.
1307 1421 1341 1500 1.)
1408 1421 1409 1500 s

359 1503 403 1570 Et
417 1504 700 1590 splendidissimum
718 1507 782 1574 Dei
1408 1507 1409 1538 ¹

237 1657 241 1672 ,
358 1589 712 1658 Mortales-illustrantis
720 1595 826 1682 jubar,
1408 1559 1409 1654 i

360 1676 501 1743 Perlerte
514 1677 593 1742 mibi
608 1681 771 1761 nuncium,
1408 1689 1409 1702 i

358 1764 543 1852 Vucemque
557 1765 598 1831 ad
612 1765 727 1831 coelum
742 1767 852 1845 tollite,

358 1849 402 1916 Et
415 1850 457 1916 ad
471 1849 577 1916 sedem
592 1874 626 1917 re
649 1851 711 1917 iam

357 1936 402 2002 Et
415 1936 456 2002 ad
469 1938 596 2002 cresium
653 1939 661 1954 “
686 1959 801 2004 ercam.

356 2023 495 2109 Oportet
509 2045 559 2088 me
570 2045 627 2108 pro
641 2027 744 2176 patrio
758 2025 836 2102 solo,
1408 1985 1409 2080 l

246 2119 250 2128 '
356 2109 494 2195 Oportet
507 2131 568 2195 pro
580 2111 642 2176 aedi
666 2133 714 2190 us,
1408 2135 1409 2196 Ῑ

356 2195 520 2282 Supplices
535 2199 568 2261 in
582 2219 689 2283 cyson
700 2219 793 2262 merca
807 2198 882 2284 quia
896 2199 1009 2284 recepi,
1286 2203 1338 2264 tto
1408 2201 1409 2240 ³

356 2281 538 2348 Periculum
552 2305 633 2348 cauo
646 2305 752 2350 secare
766 2282 859 2349 lerro.
1408 2351 1409 2358 χ

353 2368 469 2434 Dirum
486 2369 612 2456 quidem
627 2381 679 2447 est,
695 2371 863 2448 civitatem,
878 2379 914 2436 ut
929 2369 1092 2458 Mycenas,
1214 2375 1286 2456 (ort.
1302 2367 1339 2446 l.)
1408 2375 1409 2378 ’

299 2503 304 2512 .
354 2453 560 2522 Fortunatam
576 2468 607 2520 et
621 2477 783 2520 armorum

354 2540 484 2606 Robore
497 2540 586 2605 valde
601 2541 755 2607 celebrem

353 2627 439 2692 Iram
453 2627 603 2692 adversus
617 2649 720 2693 meam
735 2643 851 2694 terram
866 2627 988 2694 lovere:

353 2712 476 2779 Maltmr
492 2735 575 2792 vero,
593 2714 626 2779 O
640 2715 759 2793 civitas,
774 2715 801 2779 si
815 2713 954 2801 hospites

353 2799 518 2886 Supplices
531 2798 684 2866 dedamus

351 2886 407 2951 Ob
422 2886 578 2970 postulata
592 2888 679 2952 urbia
693 2889 836 2975 Argiue.

349 2972 475 3058 Jupiter
488 2983 533 3039 est
542 2973 622 3037 mihi
637 2973 710 3040 belli
723 2975 835 3050 socius,
850 2995 916 3038 uon
929 2986 1048 3050 metuo,
1408 3017 1409 3026 κ

348 3059 475 3144 Jupiter
489 3059 566 3123 mihi
581 3061 717 3146 gratiam
734 3061 847 3126 merito
1282 3059 1337 3122 7⁶⁰
1408 3071 1409 3148 Ῠ

350 3144 477 3210 Habet:
499 3167 564 3210 uun
589 3167 661 3210 uam
677 3147 863 3212 mortalibus
1408 3149 1409 3184 i

351 3230 520 3295 Inferiores
534 3169 734 3312 videbuntur,
750 3233 855 3319 quoad
871 3232 942 3310 hoc,
958 3253 1060 3319 noque
1074 3253 1136 3296 me.
1408 3243 1409 3282 l

349 3315 425 3395 Sed,
441 3315 475 3382 0
488 3319 812 3384 veneranda-solum
829 3319 911 3384 enim
1224 3319 1284 3398 (stt.
1294 3315 1335 3382 9.)

347 3401 461 3468 Terrae
477 3401 564 3490 lujus
576 3417 667 3470 tuum
682 3417 737 3482 est,
753 3419 784 3470 et
800 3407 862 3470 tec
872 3405 959 3484 urbs,
974 3405 1063 3492 cujus
1077 3415 1109 3468 te
1124 3416 1223 3468 mater
1408 3415 1409 3502 l

350 3487 545 3567 litdomina,
560 3503 754 3557 etcustos—
1408 3503 1409 3536 ³

348 3575 454 3665 Abige
467 3576 531 3640 alio
544 3599 616 3641 eum
632 3577 687 3665 qui
702 3599 767 3642 nou
776 3578 861 3665 juste

351 3663 426 3728 lluc
439 3662 570 3729 adducit
583 3679 739 3730 armatum

348 3747 532 3814 Exercitum
548 3753 589 3814 ab
605 3751 722 3839 Argis:
746 3749 831 3815 haud
846 3749 929 3814 euim
944 3747 987 3812 ob
1003 3767 1105 3814 meam
1120 3745 1261 3810 virtutem

347 3832 491 3919 AEquum
506 3851 553 3900 est
567 3857 619 3900 me
631 3835 747 3923 expelli
762 3859 802 3901 ex
817 3836 903 3900 atriis
919 3835 1005 3898 meis

347 3919 520 3987 Enimvero
534 3921 592 3993 tibi
607 3921 1023 3987 multorum-sacrificiorum
1038 3939 1164 4006 semper
1206 3921 1280 4002 (otti.
1292 3909 1334 3986 9.)

347 4005 466 4072 Honor
479 4022 612 4086 constat,
628 4031 731 4094 neque
743 4007 939 4073 obliviscitur
1279 4002 1331 4066 771
1408 4035 1409 4050 1

347 4091 509 4158 Mensium
521 4095 634 4160 ultima
648 4095 715 4160 dics

344 4177 618 4268 Templorumque
629 4182 768 4246 carmina
782 4179 1015 4264 chororumque
1029 4175 1128 4240 lusus.

345 4260 605 4332 Ventoco'autem
621 4269 653 4331 in
669 4265 750 4332 colle
