2888 4856
654 207 979 315 uuurrrnrs
1031 205 1035 212 ’

361 387 563 475 sapientibus
576 409 652 452 sero
666 401 699 452 et
712 386 843 454 honeste
857 387 999 454 educatis
1012 381 1142 454 atae:
1268 383 1273 398 '

362 475 497 544 Facilius
510 473 606 550 eninr,
621 485 713 576 grata
727 471 852 550 iaciens,
865 473 1068 540 clementiam
1080 475 1293 562 consequaris

361 561 424 628 Sed
438 562 525 626 venit
538 559 616 624 mibi
626 581 692 646 Jam
708 561 740 624 iu
756 574 903 637 mentem,
919 575 1027 626 utrum
1042 563 1245 647 deprecando
1268 564 1362 648 impe·

447 661 603 712 tratemus

362 733 468 800 Exilia
482 731 653 797 liberorum
670 731 802 796 borum:
825 731 880 796 sed
895 729 957 798 hoc
971 755 1098 820 quoque
1113 735 1263 800 miserum
1278 746 1330 812 cst,

270 875 273 886 .
363 819 503 886 Salutem
518 817 686 884 miserabili
701 839 774 882 cum
789 837 852 901 pau
894 831 974 884 rtate
987 819 1136 904 adipisci:
1304 829 1363 888 801

363 905 450 984 Quia
464 905 558 970 amici
571 903 699 991 fugiunt
713 903 834 968 vultum
874 907 1022 990 ospitum,

362 994 538 1077 Unumque
550 990 634 1056 diem
646 991 747 1054 sulum
758 989 936 1075 jucundum
947 1003 1108 1076 aspectum
1119 990 1239 1057 habere
1246 986 1367 1058 dieunt.

364 1079 458 1143 Ausis
472 1079 637 1142 nobiseum
651 1089 785 1141 mortem
799 1087 945 1160 oppetere,
956 1099 1028 1164 quae
1038 1089 1241 1164 utcunquete
1251 1093 1367 1144 mana.

327 1179 330 1187 “
365 1165 578 1230 Provocemus
591 1163 844 1250 generositatem,
860 1162 893 1228 Ο
907 1183 1013 1240 senex,
1030 1179 1135 1228 tuam:

362 1251 510 1336 Quisquis
525 1249 608 1313 enim
624 1247 817 1313 calamitates
832 1248 977 1313 Deorum
992 1249 1167 1314 laborando
1182 1270 1334 1336 superare

365 1337 495 1402 Studet:
520 1355 628 1400 amens
643 1347 691 1399 est
704 1333 767 1398 hoc
781 1333 941 1400 studium:

363 1421 462 1498 Quod
477 1419 640 1501 enimfierl
652 1441 778 1485 neumae
799 1434 855 1497 est,
871 1423 906 1484 id
927 1420 1036 1487 nullus
1056 1419 1204 1486 Deorum
1227 1441 1367 1508 uuquam

450 1507 574 1572 irritum
588 1504 692 1571 faciet.

279 1617 354 1662 cuo.
366 1594 411 1671 Si,
427 1591 603 1658 valentibus
640 1592 744 1657 uidem
761 1593 838 1656 mels
854 1592 1000 1670 brachiis,

364 1679 520 1766 Injuriarn
535 1679 606 1766 quis
686 1691 743 1754 ret,
758 1675 849 1743 facile
859 1679 1136 1760 compescuissem:
1307 1691 1370 1746 810

364 1765 549 1916 Nuncdvero
564 1765 644 1830 nibil
665 1783 793 1830 surmus:
815 1779 905 1830 tuum
929 1765 1090 1853 igiturest
1111 1767 1245 1869 pompae
1266 1769 1368 1832 consi·

474 1874 528 1917 era

365 1875 572 2039 Amphitrprd'
584 1959 647 2024 qua
660 1937 783 2002 ratione
797 1957 813 1998 r
873 1935 929 2000 llas
942 1933 1000 2000 bas
1014 1935 1217 2002 calamitates.

282 2045 343 2094 trs.
368 2025 441 2090 Non
456 2025 621 2103 timiditas,
635 2044 738 2110 neque
751 2023 817 2088 desi
840 2022 940 2087 eriunr
957 2023 1030 2088 ritae

368 2109 523 2178 Prohibet
537 2133 587 2175 me
601 2111 676 2196 quin
694 2109 821 2185 moriar,
837 2109 891 2173 sed
908 2107 982 2172 solo
997 2107 1054 2172 filii

365 2197 499 2261 Liberos
513 2217 647 2274 serrare,
662 2209 811 2260 creterram
826 2194 1031 2280 impossibilia
1044 2193 1154 2260 videor
1167 2193 1327 2261 affectare
1434 2235 1435 2278 p

302 2342 304 2354 .
365 2283 418 2348 En
432 2283 520 2348 adest
535 2283 604 2347 boec
618 2282 724 2347 cervis
737 2281 814 2360 ensi,

369 2368 416 2435 Ut
430 2382 599 2456 pungatur,
615 2384 651 2433 ut
665 2370 817 2448 credatur,
833 2381 868 2430 ut
881 2366 922 2431 de
936 2387 1015 2431 saxo
1028 2366 1235 2432 deturbetur:

368 2455 475 2520 Unam
491 2476 565 2519 uero
581 2455 669 2518 nobis
686 2469 720 2518 ut
734 2452 975 2540 bernegaudum,
991 2449 1023 2516 O
1037 2473 1102 2530 rex,
1114 2454 1180 2530 des,
1193 2475 1369 2538 precamur.

369 2539 542 2606 interficias
559 2563 609 2604 me
622 2552 654 2605 et
669 2539 812 2603 miseraru
829 2541 911 2603 banc
924 2551 1094 2626 antequam
1108 2560 1235 2627 pueros,

367 2626 419 2692 Ne
431 2626 547 2692 liberos
562 2629 750 2706 intueamur,
765 2625 976 2710 spectaculum
992 2625 1139 2710 impium,
1304 2635 1370 2694 880

369 2714 519 2779 Animam
534 2711 673 2778 efflantes
687 2725 718 2776 et
733 2725 879 2776 vocantes
894 2723 1025 2776 matrem

370 2799 413 2864 Et
426 2812 547 2885 patrem
564 2799 678 2884 petris:
703 2797 822 2883 reliqua
837 2819 922 2878 vero,
937 2799 962 2860 si
977 2797 1065 2862 lubet
1078 2797 1150 2878 tibi,

280 2930 282 2938 ,
370 2885 496 2950 Faeiasa
517 2906 582 2948 non
599 2883 751 2950 habemus
764 2883 849 2948 enim
864 2881 1033 2964 auxilium,
1048 2885 1133 2969 quod
1157 2899 1295 2950 amorte
1314 2905 1371 2950 uus

452 2970 573 3036 liberet.

283 3055 415 3125 ttamEt
426 3080 487 3145 ego
500 3070 532 3122 te
546 3056 681 3143 supplex
696 3079 785 3144 rugo,
803 3071 838 3120 ut
852 3053 952 3121 addas
964 3055 1076 3143 gratiss
1089 3055 1134 3120 illi
1149 3057 1298 3144 gratiam,

371 3143 418 3210 Ut
432 3142 524 3208 nobis
537 3143 690 3208 ambobus
703 3163 785 3206 uuus
800 3161 865 3206 rem
880 3155 974 3230 grata
985 3139 1081 3206 facias
1094 3141 1282 3228 dupliciter:

370 3229 522 3294 Permitte
535 3230 613 3294 mibi
630 3243 663 3294 ut
677 3228 784 3294 liberis
797 3225 912 3293 addam
928 3241 1075 3293 ornatum
1090 3243 1304 3307 mortuorum,
1434 3281 1435 3286 ,

368 3313 504 3382 AEdibus
518 3315 655 3402 apertis3
678 3335 763 3380 nunc
776 3315 861 3380 enim
875 3313 995 3380 exclusi
1010 3335 1138 3380 sumna:

371 3403 415 3466 Ut
428 3403 537 3466 saltem
554 3401 623 3466 brac
637 3414 867 3487 consequantur
881 3421 922 3464 aa
936 3397 1059 3464 aedibus
1073 3401 1184 3486 patris.

282 3505 355 3554 uc.
368 3487 472 3554 Erunt
485 3488 571 3554 brec:
592 3488 666 3553 dico
679 3487 777 3574 igitur
793 3487 941 3552 ministris
954 3499 991 3552 ut
1004 3488 1149 3572 aperiant
1164 3487 1315 3554 claustra

368 3574 536 3639 Ornemini
550 3575 634 3638 intro
648 3571 795 3660 profecti:
820 3593 883 3637 ιιοιι
900 3573 1025 3637 insideo
1037 3575 1118 3640 mbis
1132 3591 1242 3640 rates.
1311 3583 1374 3642 880

369 3660 435 3727 Ubi
450 3682 524 3726 vero
537 3675 684 3725 ornatum
699 3659 886 3744 corporibus
901 3659 1076 3738 indueritis,

280 3789 285 3798 ·
327 3751 330 3758 “
368 3745 501 3812 Veniam
517 3747 555 3811 ad
571 3769 625 3810 ros
638 3763 732 3811 terra
747 3743 918 3810 inferorum
933 3745 1075 3810 daturus.

281 3832 402 3898 raro.O
416 3831 517 3912 liberi,
530 3833 697 3917 sequimini
713 3833 821 3897 matris
835 3831 982 3896 miserum
998 3831 1111 3916 pedem

369 3917 408 3984 ln
421 3920 553 3983 domurn
569 3935 740 4004 paterrram,
756 3919 790 3982 in
803 3939 868 4004 qua
880 3915 1043 3983 bcultates
1056 3929 1173 3984 castrus

368 4001 434 4069 Alii
449 4018 566 4082 teuent,
582 4024 696 4070 nomen
712 4023 787 4068 vero
800 4005 893 4068 nobis
907 4002 1013 4070 adhuc
1025 4017 1134 4070 restat.

282 4107 341 4155 atr.
365 4089 545 4174 osupnar,
560 4090 674 4156 frustra
777 4103 809 4156 te
821 4089 1175 4176 ejsudem-turleocium
1189 4088 1302 4169 habui.

368 4175 500 4242 Frustra
514 4179 608 4242 etiam
625 4177 680 4242 lilii
695 4199 716 4242 ιι
730 4193 830 4242 torem
845 4177 1080 4242 celebravimus

366 4261 423 4327 Tu
434 4265 518 4328 enim
532 4287 566 4328 ea
580 4264 708 4344 amicus,
724 4263 828 4328 minus
843 4283 939 4350 quam
954 4263 1111 4328 videbaris
1123 4283 1200 4328 esse.
1271 4307 1277 4314 -
