2854 4866
262 205 325 266 ‘224
642 195 990 320 EURIPIDIS¹

349 371 446 438 Malis
459 372 500 437 ab
514 373 583 458 ipsa
599 371 718 437 miseria
732 373 895 460 exagitor:

347 457 437 526 Dicit
450 459 544 536 enim,
560 457 645 546 quod
660 480 729 522 earu
744 457 875 523 occultis
888 456 1065 545 pharmacis

347 543 475 610 Faciam
489 545 625 611 sterilem
639 559 671 610 et
684 543 817 609 invisam
833 545 911 622 viro,

347 631 389 696 Et
404 654 463 717 ego
477 653 537 716 pro
551 654 588 695 ea
599 629 691 696 velim
708 643 812 696 tenere
826 629 956 696 domum

347 717 454 794 Hauc,
471 718 575 803 ejectis
589 715 676 784 lectis
689 717 788 802 ipsius
825 739 859 780 er
873 717 954 782 vim:

346 801 437 879 Quos
451 825 511 892 ego
525 803 662 888 primum
678 823 776 868 nonv
809 825 865 868 ens
882 799 999 888 accepi,

345 888 442 954 Nunc
456 913 530 955 vero
544 889 673 976 reliqui:
697 911 831 978 magnus
845 889 970 974 Jupiter
986 887 1047 954 hoe
1060 891 1148 968 sciat,

346 973 443 1051 Quod
459 997 522 1040 non
538 975 646 1040 rolens
660 973 735 1039 huic
749 997 819 1040 som
834 973 915 1040 sacta
929 975 1015 1040 socia
1028 989 1108 1041 toro.

346 1059 407 1126 Sed
425 1085 489 1126 non
502 1061 677 1148 persuadeo
691 1061 737 1124 ei:
762 1061 829 1126 vult
842 1063 926 1126 enim
942 1081 992 1126 me
1007 1061 1158 1138 occidere,

343 1146 387 1213 Et
400 1161 490 1234 pater
503 1147 566 1234 ey'ru
581 1145 747 1214 Menelaus
759 1149 793 1212 in
808 1147 869 1212 hac
884 1169 918 1211 re
927 1149 1018 1233 juvat
1033 1149 1138 1213 liliam.
1310 1160 1358 1216 40

344 1233 387 1299 Et
400 1256 486 1299 nunc
499 1235 532 1298 in
548 1235 668 1299 aedibus
682 1249 738 1311 eat,
753 1257 792 1298 ex
808 1235 923 1319 Sparta
936 1234 1062 1298 veniens

344 1320 480 1404 Propter
493 1319 555 1384 hoc
568 1323 689 1407 ipsum:
712 1343 771 1402 ego
787 1341 861 1384 vero
876 1322 985 1384 territa

343 1405 482 1472 AEdibua
497 1407 634 1471 vicinum
651 1405 799 1470 Thetidis
815 1403 847 1470 in
863 1406 1011 1470 sacellum

344 1491 421 1558 Hoc
431 1491 571 1577 profecta
585 1493 688 1568 sedeo,
705 1493 728 1555 si
743 1489 825 1558 forte
838 1514 889 1556 me
902 1491 1069 1578 prohibeat
1082 1493 1179 1557 mori:

345 1578 456 1643 Peleus
470 1579 553 1643 enim
568 1581 623 1644 lroc
637 1578 750 1663 ipsum,
767 1580 945 1666 posterique
961 1577 1045 1642 Pelei

344 1664 472 1742 Colunt,
489 1680 729 1729 monumentum
744 1664 927 1751 nuptiarum
942 1663 1094 1730 Thetidis.

343 1751 455 1816 Meum
470 1766 574 1816 autem
589 1751 718 1816 unicum
733 1749 833 1815 filium
848 1751 961 1836 ablega
975 1749 1056 1814 clam

342 1837 382 1902 In
396 1837 469 1902 alias
483 1837 577 1914 aedes,
592 1838 706 1902 timens
720 1859 760 1901 ne
774 1859 865 1902 caenu
879 1835 1040 1901 moriatur.

343 1924 425 1990 Nam
440 1937 531 2009 pater
543 1925 610 2011 ejus
624 1946 688 1988 non
702 1924 791 1988 adest
806 1945 855 1986 me

342 2009 390 2075 Ut
397 2011 495 2096 juvet,
510 2025 543 2074 et
555 2032 654 2096 puero
666 2009 744 2073 nihil
758 2008 900 2094 prodest,
915 2009 1027 2075 absens
1304 2027 1355 2082 50

340 2096 380 2161 In
394 2109 478 2162 terra
492 2095 659 2179 Delphica,
672 2096 727 2158 ubi
743 2095 885 2180 Apollini
898 2118 1025 2180 poenam

340 2181 441 2330 solvi}
464 2180 588 2261 furoris,
616 2203 672 2267 per
696 2203 790 2268 quarn
813 2181 983 2268 aliquando
1004 2181 1045 2248 ad
1066 2183 1242 2270 Pythonem
1266 2209 1355 2274 pro-

436 2282 521 2334 ectus

341 2355 512 2506 Postuparit
527 2355 695 2435 Phoebum,
711 2369 747 2421 ut
767 2355 810 2420 ob
831 2365 953 2442 patrem
974 2377 1066 2420 suum
1088 2377 1204 2424 mum
1223 2381 1355 2446 repen-

281 2453 284 2460 '
447 2456 513 2508 eret
550 2465 655 2512 oenaa:

339 2527 452 2614 siquo
467 2551 498 2592 m
542 2551 563 2592 o
578 2529 685 2612 priora
696 2543 825 2614 peccata
837 2531 1007 2615 deprecans

338 2613 462 2680 Efficiat
476 2615 535 2680 sibi
549 2616 643 2680 deum
659 2616 831 2700 propitium
847 2617 878 2681 in
892 2631 1062 2702 posterum.

252 2701 487 2778 rau.Domina,
503 2703 563 2789 ego
576 2702 691 2766 etenim
706 2725 771 2766 non
786 2725 894 2768 vereor
910 2703 970 2768 hoc
985 2704 1112 2768 nomine

336 2787 459 2852 Vocare
474 2803 516 2868 te,
530 2787 683 2874 siquidem
697 2791 752 2852 loe
765 2788 922 2878 dignabar
934 2803 966 2854 et
979 2791 1012 2854 in
1027 2788 1124 2855 domo

335 2873 418 2951 Tua,
435 2875 563 2960 quando
576 2873 794 2940 habitabamus
808 2874 910 2940 solum
926 2875 1044 2976 Trojoe.

333 2959 431 3024 Eram
448 2974 552 3026 autem
567 2960 719 3025 benevola
732 2961 789 3025 tibi
804 2975 836 3025 et
852 2975 907 3024 tuo
920 2979 1035 3026 manto
1049 2962 1174 3036 viventi.

334 3043 378 3110 Et
391 3068 478 3111 nuno
491 3047 584 3110 renio
598 3047 729 3112 afferens
744 3047 801 3113 tibi
816 3069 914 3112 novos
929 3069 1097 3126 sermones,
1300 3063 1355 3121 60

334 3129 427 3197 Metu
442 3132 579 3219 quidem,
595 3135 619 3197 si
634 3133 704 3220 quis
719 3133 932 3200 Dominarum
947 3134 1099 3214 sortierit,

334 3217 398 3284 Sed
412 3219 611 3284 miseratione
626 3221 690 3283 tui:
713 3242 788 3284 nam
803 3221 923 3285 atrocia
938 3219 1067 3284 molitur

331 3305 492 3370 Adversus
507 3319 538 3369 te
555 3303 720 3370 Menelaus
736 3319 767 3370 et
781 3305 855 3382 filia,
868 3328 940 3393 quar
955 3305 1012 3371 tibi
1026 3316 1095 3370 sum
1108 3307 1262 3372 carenda.

245 3389 363 3456 ΜΟ
378 3389 560 3455 charissima
572 3413 732 3472 conserva,
748 3415 780 3456 es
795 3393 878 3456 enim
893 3413 1044 3457 conserva

332 3477 429 3554 Huic,
445 3499 517 3564 quoe
530 3477 618 3565 priua
633 3480 742 3568 regina
755 3477 825 3555 filit,
840 3500 926 3544 nuuc
940 3499 1017 3542 vero
1031 3489 1078 3543 est
1090 3477 1213 3556 infelix,
1351 3515 1357 3524 ·

328 3563 418 3640 Quid
432 3561 574 3629 iaciunt?
595 3587 673 3651 quas
688 3563 816 3630 insidias
829 3577 956 3630 struunt
969 3585 1065 3641 nuno

327 3649 477 3716 volentes
491 3649 634 3716 occidere
649 3673 699 3715 me
712 3651 807 3739 longe
820 3650 1053 3716 miserrimam?

243 3734 358 3802 ramo
373 3750 408 3802 tu
424 3737 549 3815 misera,
565 3737 666 3802 filium
681 3753 771 3802 tuum
782 3735 894 3802 volunt

326 3823 493 3903 Occidere,
532 3845 602 3887 uem
618 3837 708 3888 extra
721 3823 851 3888 domum
867 3823 949 3888 clam
965 3821 1128 3911 ablegastr'.

239 3908 405 3975 sno.Heu
421 3847 528 3974 mihill
543 3909 669 3974 rescivit
681 3932 787 3974 meum
802 3909 904 3974 filium
918 3909 1098 3998 ablegatum
1301 3925 1356 3988 70

326 3993 524 4061 Undenam?
545 3994 578 4061 0
593 3997 718 4073 misera,
736 4009 771 4060 ut
786 3995 885 4080 perii!

238 4079 423 4148 raud-laud
439 4084 514 4162 scio,
527 4073 600 4148 lraec
614 4105 689 4146 vero
703 4103 764 4170 ego
777 4105 816 4148 ex
831 4081 892 4148 illis
907 4081 1008 4148 sensi:

323 4166 492 4238 Menelaus
506 4185 611 4236 autem
628 4183 717 4233 extra
731 4169 862 4233 domum
877 4167 954 4234 abiit
967 4167 1009 4234 ad
1023 4182 1114 4234 tuum
1129 4167 1243 4234 filium.

236 4253 407 4322 anmPerii
422 4255 538 4342 igitur!
564 4253 666 4333 Ofili,
682 4253 870 4320 interficient
886 4267 917 4320 te
