2882 4858
291 267 355 329 sss
450 213 458 226 ’
674 254 1001 325 austrinis

291 455 371 500 ertu.
384 433 446 526 Dic
467 431 613 518 quodad
635 440 779 518 sumptus
803 433 924 509 attinet,
951 430 1102 520 quicquid
1126 431 1224 512 voles,
1250 447 1371 522 propter

463 519 553 582 hooc.
568 535 571 542 ·
666 535 674 563 =·
1050 552 1053 568 ·

290 607 523 672 namPrimum
538 603 666 690 quidem
679 603 796 668 effosus
809 603 994 688 praelibatur
1008 605 1136 692 sanguia
1149 605 1294 672 mortuis.

291 710 371 757 rua.
381 689 502 777 eujus?
524 703 559 754 tu
573 689 679 758 indica
692 689 780 766 mihi,
796 712 855 774 ego
869 709 945 754 vero
958 691 1088 776 parebo.

292 777 436 843 rtemTu
451 779 518 862 ipse
532 777 678 840 statuite:
702 769 854 840 sufficient
867 777 962 854 enirn,
978 797 1176 864 quocunqne
1189 775 1328 843 dederis.

292 877 373 928 run·
382 865 478 948 Apud
494 855 644 927 barbaros
658 857 784 948 quidem
801 878 869 925 rnoa
884 872 939 941 ert,
953 885 1069 948 equum
1083 877 1140 927 aut
1152 876 1293 928 murum.

292 949 544 1036 arsenoitem
561 950 608 1012 vis
618 948 740 1034 aliquid
754 947 842 1024 dare,
858 939 938 1010 'nihil
951 948 1009 1013 des
1020 969 1175 1036 generoso
1188 951 1365 1038 indigum.

292 1057 371 1102 rna.
384 1036 526 1101 His‘nou
541 1051 681 1098 caremus
696 1035 726 1098 in
742 1034 890 1098 divitibus
904 1039 1064 1098 armentis.
1294 1043 1371 1102 128)

274 1165 280 1176 ι
293 1117 611 1188 usmEt'afferuntur
624 1119 696 1184 lecti
710 1122 798 1185 strati
813 1139 948 1204 corpore
961 1117 1061 1185 iacui.

241 1201 245 1209 ’
293 1229 373 1273 rna.
383 1205 469 1272 Fiet:
493 1205 570 1293 quid
585 1227 659 1271 vero
673 1219 825 1288 preterea
839 1205 943 1270 afferri
958 1227 1026 1270 mos
1040 1204 1113 1270 est?

293 1297 482 1359 mandrma
495 1313 601 1358 renea:
624 1292 737 1356 etenim
754 1303 821 1356 erat
834 1313 943 1356 aniana
956 1313 1129 1356 armorum.

292 1401 373 1444 aaa.
384 1379 493 1465 Digna
506 1373 683 1442 erunt'lraec
699 1377 867 1462 Pelopidis,
883 1399 955 1464 quae
969 1378 1123 1442 dabimus.

293 1464 426 1548 meutEt
440 1479 554 1528 caetera
589 1482 639 1528 uae
654 1463 744 1528 tellus
758 1463 890 1549 pulchra
904 1463 1024 1547 profert
1038 1465 1192 1551 germina.

292 1569 374 1616 aaa.
384 1545 480 1626 Quid
488 1486 589 1636 ergol
610 1552 640 1613 in
656 1549 944 1635 fluctos'quomodo
957 1548 1111 1614 dimittis?
1204 1590 1208 1598 .

293 1636 506 1702 trau.Navem
523 1649 646 1720 oportet
660 1637 766 1722 adesse
780 1650 811 1700 et
825 1635 1050 1722 gubernatores
1064 1651 1235 1700 tainorum.

164 1752 165 1761 ¹
293 1744 377 1788 rna.
385 1721 554 1799 Quantum·
563 1735 638 1786 rero'
652 1722 743 1807 spatii
758 1743 869 1786 navem
884 1731 991 1786 arcere
1004 1745 1024 1786 a
1038 1720 1146 1786 terra?

292 1809 430 1874 raamUt
444 1810 497 1873 vix
511 1807 649 1892 conspici
665 1809 784 1894 possint
797 1830 817 1871 a
831 1807 937 1872 littore
951 1806 1064 1873 ductos
1078 1808 1158 1873 circo
1169 1827 1289 1874 mura.

292 1893 469 1970 uua.·Quirl
486 1915 569 1971 vero,
586 1909 679 1994 quam
693 1894 737 1962 ob
751 1915 872 1957 cousom
886 1892 973 1958 hunc
986 1913 1107 1980 morem
1122 1893 1199 1960 colit
1211 1893 1361 1960 Graecia?

292 1980 432 2046 rasmNe
444 1982 731 2065 fluctus'praroenta
745 1999 852 2044 rursus
865 1979 898 2042 in
914 1991 1030 2044 terram
1044 1980 1158 2066 ejiciat.
1294 1988 1366 2050 titt

292 2087 373 2132 unu.
383 2066 479 2130 Navis
498 2065 661 2150 Phoeniasa
676 2069 764 2130 velox
779 2065 890 2130 aderit.
1071 2085 1075 2098 ’

293 2151 482 2217 area.Reete
496 2153 550 2216 ltoc
563 2151 633 2228 erit,
647 2162 679 2216 ‘et
692 2149 845 2216 Menelao
857 2163 995 2238 gratum.
1040 2159 1046 2170 ‘
1172 2183 1175 2190 ν

293 2238 500 2314 aaa.Nonne
511 2250 544 2301 to
561 2251 649 2322 potes
663 2238 729 2302 sine
742 2237 803 2301 hac
817 2237 876 2301 ista
889 2235 1016 2302 facere?

293 2322 494 2389 trau.Matris
508 2321 570 2387 hoc
583 2345 663 2408 opus
677 2335 731 2400 etl,
747 2337 802 2388 aut
816 2323 936 2400 uxoris,
953 2335 1007 2387 aut
1020 2321 1170 2387 filiorum.

291 2431 371 2474 rus.
380 2408 486 2494 Hujus
502 2410 664 2496 negotium
679 2419 733 2487 ert,
751 2423 786 2473 ut
799 2409 889 2485 dicis,
905 2408 1037 2494 sepelire
1052 2410 1211 2474 maritum.

293 2495 448 2560 trau.Rea
461 2493 571 2558 saltem
585 2495 705 2578 piacet,
722 2515 786 2558 non
801 2495 988 2560 defraudare
1002 2509 1143 2560 mortuos
1158 2496 1221 2560 suia
1228 2497 1331 2582 justis.

292 2579 460 2648 τηιΕτῑε
484 2580 545 2644 mei
562 2579 664 2656 refert,
680 2583 845 2669 conjugem
861 2580 947 2665 piam
961 2580 1052 2644 alere.

378 2666 538 2732 Proiectus
551 2667 648 2753 lgitur
664 2668 695 2730 in
710 2667 794 2731 aedes
807 2665 933 2732 efferam
948 2679 1096 2731 ornatam
1113 2677 1247 2745 mortno,

378 2753 421 2818 Et
434 2751 590 2817 dimittam
605 2767 637 2816 te
650 2775 691 2817 ex
706 2768 790 2816 terra
803 2773 868 2816 non
883 2753 989 2817 vacuis
1003 2753 1160 2833 manibus,
1289 2761 1369 2820 lm

377 2839 617 2903 Gratilicantem
632 2839 729 2903 lruio:
750 2839 882 2902 nuncios
895 2853 973 2902 vero'
985 2837 1062 2902 milri
1430 2893 1431 2916 ÷

379 2925 486 2990 Bonos
501 2925 575 3011 quia
589 2924 730 3002 attulisti,
745 2945 806 3009 pro
819 2923 953 2990 sordidis
968 2925 1080 3010 pannis
1430 2919 1431 2972 l

377 3011 523 3095 Accipies
537 3026 651 3076 restem
668 3025 699 3074 et
713 3009 830 3088 cibum,
848 3023 883 3075 ut
897 3011 930 3074 in
944 3011 1077 3094 patriam
1430 2985 1431 3040 l

379 3096 513 3174 Redeas,
528 3095 681 3182 siquidem
699 3117 782 3160 nunc
797 3096 911 3161 misera
925 3095 1070 3160 Qum
1086 3106 1115 3160 te
1128 3097 1230 3163 video.

377 3181 431 3246 Tu
446 3195 532 3262 vero,
547 3181 580 3246 0
595 3183 717 3259 misera,
733 3203 774 3246 ne
787 3183 922 3248 inaniter

377 3269 504 3332 Crociea
519 3283 550 3332 te
566 3270 682 3352 ipsam:
705 3268 869 3332 Menelaus
884 3268 969 3332 enim
985 3267 1112 3332 iunctus
1124 3281 1172 3334 ert
1186 3267 1259 3346 lato,

377 3354 489 3440 Neque
501 3365 604 3438 potest
617 3355 725 3418 iterum
738 3354 844 3418 vivere
857 3367 1009 3419 mortuus.

291 3441 482 3506 raam'l'uum
513 3439 649 3590 plfficium
679 3442 732 3504 lroc
760 3451 812 3516 est,
843 3441 875 3504 0
903 3439 1152 3506 adolescentula:
1188 3451 1369 3527 presentem

483 3549 513 3589 ur
537 3548 587 3590 em

290 3641 298 3650 ·
377 3549 528 3675 Manlum
544 3623 670 3696 oportet
686 3631 800 3689 amare,
816 3633 889 3676 eum
904 3633 979 3676 vero
993 3613 1048 3696 qui
1063 3613 1157 3696 periit
1169 3613 1328 3679 omittere:

377 3696 453 3761 Hoc
469 3699 553 3762 enim
568 3697 626 3762 tibi
642 3700 797 3784 optimum
812 3708 859 3761 ert
871 3697 904 3760 in
919 3698 1067 3783 praesenti
1082 3719 1168 3764 caru.
1288 3707 1371 3766 1290

374 3782 469 3859 Quod
484 3787 509 3847 si
526 3806 641 3848 renero
656 3788 687 3848 in
703 3784 863 3849 Graeciam
879 3797 912 3848 et
925 3783 1015 3849 lueto
1029 3784 1143 3861 salvus,

375 3867 523 3934 Eximam
540 3883 570 3935 te
584 3872 717 3956 pristino
731 3872 859 3954 probro,
876 3869 902 3932 ai
916 3873 991 3934 tolia
1004 3869 1101 3934 fueris
1114 3891 1208 3950 uxor,

374 3954 510 4031 Qualem
526 3957 616 4022 dccet
630 3979 696 4020 esse
710 3968 742 4020 te
757 3978 830 4040 erga
845 3970 936 4020 tuum
951 3955 1113 4020 maritum.

289 4059 366 4105 nau.
376 4040 467 4106 Fient
482 4043 569 4107 lraec:
593 4064 754 4129 nunquam
769 4056 871 4107 autem
887 4043 1019 4107 maritus
1032 4043 1174 4128 culpabit

375 4127 427 4190 Tu
443 4149 518 4193 vero
532 4130 585 4216 qui
602 4151 701 4214 prope
715 4128 799 4204 ades,
815 4129 892 4192 scies
908 4129 976 4192 iata.

374 4213 503 4292 Verum,
519 4216 552 4281 Ο
567 4215 671 4296 miser,
686 4216 779 4292 intra,
795 4229 826 4280 et
840 4214 909 4279 lava
922 4235 1035 4298 corpur,
