2888 4856
269 245 331 305 58!

652 237 954 306 nunrrrnrs
1023 225 1027 232 '

207 406 211 412 ⁴
357 417 456 504 Cujus
469 415 552 480 filius
566 413 675 480 eodem
691 437 755 502 quo
768 428 858 500 pater
872 416 1001 480 nomine
1014 427 1152 496 vocatus.

357 504 431 569 Nou
447 501 585 567 existens
599 499 784 579 Thebmus,
800 501 856 566 sed
869 523 908 566 ex
922 501 1048 568 nubea
1059 499 1234 588 prosedas,

356 587 482 654 Occidit
496 587 675 668 Creontem,
688 609 752 674 quo
766 585 928 652 interiecto
942 588 1008 673 ipse
1020 590 1155 674 imperat
1168 604 1272 666 terre,

357 677 484 741 irruens
498 673 531 741 in
546 673 628 737 banc
643 672 750 738 urbem
766 673 918 738 seditione
931 673 1136 741 laborantem.

357 760 459 827 Nobis
473 781 547 824 vero
561 757 693 824 affinitas
707 780 779 823 cum
795 758 934 824 Creonte
945 772 1109 826 contracta

357 846 547 922 Maximum,
562 857 598 910 ut
611 857 750 930 apparet
766 845 884 910 malum
898 859 956 911 est.

358 932 441 998 Nam
456 930 533 995 dum
547 931 580 994 in
596 928 806 1016 penetralibus
819 943 911 995 terroe
925 944 974 997 eat
986 931 1071 997 filius
1085 953 1187 1014 meus,

357 1017 418 1083 llle
431 1017 565 1104 inclytus
578 1015 670 1166 hpp'us
684 1027 777 1080 terrae
790 1013 937 1081 dominus
953 1017 1059 1105 Lycus

358 1103 489 1168 Liberos
507 1101 593 1168 Herc
627 1099 734 1166 isvnlt
746 1099 878 1187 perdere

357 1189 483 1255 Necans
496 1200 528 1253 et
540 1189 717 1288 con'ugem
733 1201 770 1252 ut
782 1187 901 1253 eaedem
916 1188 1003 1254 caede
1016 1188 1190 1277 extinguat,
1313 1197 1356 1254 4⁰

358 1275 402 1341 Et
414 1297 477 1353 me,
492 1273 522 1338 si
531 1294 564 1338 nr
606 1296 627 1337 o
641 1285 723 1337 mter
736 1273 820 1338 viros
834 1295 999 1341 numerare
1013 1297 1139 1362 quoque
1152 1275 1313 1350 muuerrit,

359 1363 474 1427 Senem
496 1358 648 1436 inutilem,
662 1379 703 1422 ne
721 1359 891 1461 aliquando
912 1359 958 1424 illi
981 1377 1146 1448 postquam
1168 1359 1210 1424 ad
1231 1359 1356 1426 virilem

441 1457 567 1510 atatem
582 1458 789 1530 percensum,
1435 1493 1436 1506 ,

359 1531 476 1596 Poeuas
490 1531 618 1619 exigant
632 1529 729 1595 coedia
742 1531 886 1596 Avorum
902 1543 1123 1598 maternorum.

359 1617 431 1706 Ego
445 1615 700 1704 verm—reliquit
712 1617 795 1682 enim
812 1637 863 1682 ute
875 1618 908 1681 in
924 1617 973 1684 his
988 1618 1109 1684 edibus

359 1702 555 1768 Nutritorem
570 1701 740 1767 liberorum
754 1713 785 1766 et
804 1702 965 1768 custodem
979 1701 1102 1786 domus,
1117 1700 1245 1790 quando
1260 1713 1356 1766 terr:
1436 1724 1437 1810 p

359 1787 535 1855 Obscurum
550 1787 716 1875 caliginem
730 1788 889 1870 ingressus
902 1801 949 1854 est
962 1789 1046 1855 filius
1059 1811 1204 1868 mena-

357 1875 442 1942 Cum
455 1888 567 1952 matre,
581 1895 622 1939 ne
636 1872 728 1938 liberi
743 1873 889 1939 Herculis
904 1875 1089 1956 moriantur,

360 1961 419 2027 Ad·
427 1982 515 2026 mam
531 1960 612 2025 hanc
623 1957 710 2025 lovis
724 1959 888 2024 servatoris
902 1959 1005 2040 sedeo,

357 2045 465 2124 Quem
480 2046 587 2112 statuit
600 2057 637 2111 ut
650 2057 887 2111 monumentum
902 2059 983 2112 esset
996 2047 1130 2112 viculos
1143 2045 1241 2110 haste

357 2131 441 2198 Cum
456 2132 577 2198 vicisset
592 2131 722 2217 Minyae
735 2153 905 2216 generosus
917 2130 1003 2198 lilius
1017 2155 1115 2198 meus.
1314 2139 1356 2198 50

358 2217 431 2284 Has
444 2231 549 2284 autem
564 2217 651 2283 sedes
665 2239 822 2282 servamus
836 2217 946 2302 inopes
958 2241 1056 2284 rerum
1070 2219 1224 2296 omnium,

358 2304 443 2382 Cibi,
457 2317 563 2390 potus,
576 2303 716 2382 vestitus,
730 2305 763 2368 in
776 2325 841 2368 non
855 2316 955 2368 strato
967 2305 1035 2370 solo

305 2383 327 2396 ”
357 2389 473 2456 Lutum
487 2403 655 2476 ponentes:
677 2390 792 2454 etenim
807 2390 928 2456 exclusi

359 2475 389 2540 Ε
402 2475 499 2541 domo
512 2475 654 2541 sedemus
670 2474 777 2560 inopia
789 2475 909 2542 salutis.

356 2562 540 2628 Amicorum
551 2583 626 2627 nero
639 2559 717 2626 alios
731 2558 857 2648 quidem
869 2561 958 2626 video
971 2583 1036 2626 non
1051 2583 1113 2628 esee
1123 2583 1213 2629 veros
1226 2563 1354 2639 ιωὶοω,

358 2647 402 2713 Et
416 2648 471 2734 qui
486 2669 557 2712 vere
570 2656 643 2712 sunt
656 2667 720 2711 uon
735 2659 870 2730 possunt
885 2669 942 2712 nos
955 2645 1115 2734 adjurare.

358 2731 523 2820 Ejusmodi
537 2733 618 2798 inter
631 2731 774 2798 homines
787 2754 834 2797 res
847 2744 891 2798 eat
904 2731 1075 2810 columitas.

357 2819 396 2885 ln
409 2840 506 2922 quam
526 2818 648 2884 utinam
669 2838 843 2903 uunquam,
859 2819 914 2904 qui
929 2817 977 2882 vel
998 2817 1198 2888 mediocriter
1220 2819 1298 2886 milri
1315 2823 1355 2886 ait

442 2927 573 2988 amicus,

357 2991 489 3070 Incidet,
505 2991 711 3057 certissimum
726 2991 862 3057 iudicem
876 2994 1061 3058 amicorum.

272 3098 337 3146 ΙΙ.
352 3076 385 3143 0
399 3098 502 3155 senex,
515 3078 569 3164 qui
584 3076 779 3162 Taphiorum
795 3077 871 3142 olim
885 3079 995 3164 cepisti
1008 3078 1130 3155 urbem,
1311 3086 1355 3144 60

357 3162 504 3229 Gloriose
518 3163 670 3228 exercitui
685 3163 912 3228 'l'hebnnorum
927 3165 1097 3250 imperem,

357 3248 464 3326 Quam
480 3247 622 3314 Deorum
639 3249 760 3313 nullum
774 3249 927 3314 emnildam
940 3264 1061 3315 certum
1076 3261 1119 3314 ert
1130 3247 1332 3314 hominibusi

357 3333 430 3424 Ego
443 3335 528 3399 euim
541 3333 628 3422 quod
642 3333 683 3400 ad
754 3356 819 3398 rem
835 3355 899 3410 non
914 3333 1041 3400 fortune
1053 3336 1152 3414 carui,

358 3420 426 3499 Qui
441 3436 572 3506 propter
585 3442 661 3505 opes
674 3443 694 3484 o
707 3421 749 3484 im
766 3419 856 3485 uelde
870 3443 907 3485 su
964 3421 1023 3486 bus
1036 3435 1115 3498 erut,

358 3506 492 3572 Habent
504 3527 648 3593 regnum,
663 3523 793 3591 propter
808 3507 892 3656 ‘ff
919 3528 1012 3596 unge
1026 3505 1125 3572 bastae

360 3591 482 3658 Saltunt
496 3591 538 3656 ob
552 3593 755 3682 cupiditatem
768 3591 802 3656 in
876 3605 909 3657 te
922 3613 1057 3680 corpom
1067 3595 1238 3676 principun

358 3677 491 3742 Habent
504 3678 634 3762 iusuper
646 3676 781 3754 liberos;
803 3675 931 3764 filioque
944 3692 1001 3744 tuo
1015 3699 1066 3744 me
1080 3677 1180 3753 dedit,

357 3761 507 3828 Nobilem
522 3765 687 3864 conjugem
704 3761 834 3829 Herculi
844 3763 982 3852 jungens
996 3764 1205 3830 matrimonio.

358 3847 400 3914 Et
414 3870 499 3914 nunc
513 3847 567 3914 illu
580 3847 707 3936 quidem
723 3847 855 3914 evanida
869 3849 1090 3916 evolaverunt:

356 3933 429 4023 Ego
442 3955 517 3999 vero
530 3947 563 3999 et
576 3945 611 3999 tu
626 3957 730 4012 mnex,
746 3935 928 4014 moriemur,
1314 3943 1357 4002 70

357 4017 401 4086 Et
415 4019 508 4086 liberi
523 4019 684 4098 Herculis,
700 4043 778 4108 quos
792 4020 851 4086 sub
865 4020 924 4087 elis

358 4103 480 4185 Pullos,
494 4104 590 4171 veluti
603 4105 720 4195 gallina
735 4107 897 4184 incubans,
913 4129 1012 4172 servo.

356 4193 370 4256 l
410 4190 422 4254 i
436 4203 541 4256 autem
556 4193 597 4256 ud
610 4191 832 4258 suscitandum
846 4193 927 4258 elius
936 4193 1064 4258 aliunde
1077 4191 1237 4266 acoedma.

403 4289 512 4355 mater,
528 4277 640 4363 inquit,
656 4277 785 4344 ubinam
801 4295 956 4346 terrarum
971 4279 1061 4345 abeat
1072 4275 1185 4364 pater?
