2882 4858
288 222 352 282 582
679 209 987 277 EURIPIDIS

377 381 510 462 famuli,
524 381 602 446 ferte
615 383 648 444 in
662 369 792 449 domum
808 385 944 472 regiam:
1295 393 1367 464 Illo

377 471 448 555 Ego
462 491 537 534 vcro
550 490 601 532 me
616 469 718 553 ipsum
734 493 819 555 saepe
827 472 895 556 jam
908 469 1062 534 conviciis
1073 493 1143 534 sum
1160 471 1345 540 insectatus:

377 557 585 642 Nequaquam
601 555 685 619 enim
701 571 802 621 morte
816 557 915 621 malos
928 555 1127 622 mulctemus.

378 643 420 707 Et
434 663 520 706 nunc
534 640 639 706 audivi
654 665 831 729 quenquam
849 643 1000 706 Graecum
1015 643 1120 728 palam

378 729 417 794 In
432 730 508 792 hunc
521 743 635 791 terram
650 729 768 792 venisse
781 740 814 792 et
828 727 968 792 fefellisse
981 729 1204 813 speculatores,

379 814 445 880 Aul
459 813 698 899 exploratorem,
709 828 766 879 aut
779 813 863 880 furto
877 814 1033 878 abducere
1047 829 1225 899 captantem

380 900 555 966 Helenam:
572 901 722 964 morietur
737 914 853 976 autom,
870 902 896 964 si
906 900 1003 964 modo
1014 900 1107 966 fuerit
1117 902 1370 988 comprehensus.

379 988 496 1072 (Aget)
518 985 582 1062 scd,
600 998 633 1050 ut
650 986 781 1063 videtur,
796 985 902 1050 omnia
916 985 1118 1071 peractajom

382 1072 510 1138 Inveni:
532 1093 606 1136 nam
620 1071 728 1136 relicta
741 1093 839 1136 vacua
852 1071 925 1136 sede
939 1072 1073 1156 sepulcri

294 1217 298 1224 .
379 1160 412 1225 T
433 1158 538 1223 ndarei
554 1157 620 1221 filia
634 1159 759 1245 navigio
772 1158 914 1222 discessit
928 1181 968 1222 ex
983 1159 1040 1224 huc
1052 1173 1148 1224 terra.

418 1267 470 1320 eu,
485 1243 588 1308 laxate
602 1242 746 1322 claustra,
761 1243 871 1308 solvite
885 1265 1041 1330 equorum
1295 1255 1371 1312 tiso

381 1329 547 1414 Praesepia,
565 1329 710 1406 ministrI,
725 1344 757 1395 et
771 1342 935 1414 exportate
948 1353 1067 1407 currus,

381 1415 428 1482 Ut
444 1439 483 1479 ne
497 1439 547 1478 me
561 1413 648 1479 fallat
662 1431 792 1502 propter
807 1417 945 1480 laborem
959 1439 999 1480 ex
1014 1430 1099 1481 terra

383 1502 456 1566 Hac
470 1517 635 1585 exportata
649 1524 740 1578 uxor,
757 1525 849 1588 quam
866 1515 990 1586 expeto.

383 1588 529 1652 Menete:
552 1587 642 1652 video
656 1589 738 1651 enim
754 1611 812 1664 eos,
828 1611 907 1674 quos
921 1591 1146 1676 persequitnur,
1216 1621 1223 1632 ·

381 1674 499 1738 Adesse
514 1674 545 1736 in
561 1673 692 1752 sedibus,
707 1688 738 1738 ct
752 1696 816 1738 non
831 1673 983 1760 effisgisse.

384 1760 474 1824 Heus
489 1775 533 1836 tu,
572 1783 647 1824 aare
660 1759 847 1844 suspendisti
862 1763 968 1847 nigras
982 1775 1079 1826 vestes
1093 1783 1112 1824 a
1126 1784 1269 1846 corpore,

382 1845 515 1912 Mutatis
529 1783 618 1923 alliis,
633 1861 664 1910 et
678 1871 697 1910 a
710 1868 863 1934 generoso
877 1847 980 1932 capite

382 1932 494 1996 Crines
506 1931 675 2017 praecidisti
690 1933 827 1997 immisso
841 1931 935 2010 ferro,

383 2019 426 2082 Et
440 2019 524 2106 rigas
538 2032 607 2082 tuas
619 2041 716 2105 genas
731 2017 908 2083 recentibus
922 2020 1058 2084 lacrimis

242 2119 247 2137 ⁸
383 2104 536 2168 Ploransi
562 2119 667 2168 utrum
682 2126 829 2190 persuasa
841 2105 1004 2169 nocturnis
1295 2115 1372 2172 1190

384 2191 520 2256 Somniis
533 2191 642 2277 gemis,
658 2204 713 2253 aut
727 2190 840 2254 famam
856 2190 991 2275 aliquam
1007 2190 1103 2255 domo

382 2277 531 2352 Audiens,
547 2275 658 2340 dolore
672 2275 798 2340 conficis
812 2277 953 2340 animum
969 2275 1085 2341 tuum?

296 2381 374 2426 neu.
384 2362 416 2427 Ο
431 2361 675 2447 domine—jam
690 2362 773 2425 enlm
788 2375 820 2426 te
834 2361 895 2426 hoc
909 2363 1036 2428 nomine
1050 2384 1090 2447 ap
1131 2361 1230 2445 llo,—

386 2448 489 2512 Perii:
515 2469 562 2511 res
577 2469 655 2510 meae
670 2447 820 2526 evanidas,
836 2447 914 2512 nihil
930 2471 997 2512 sum
1012 2449 1156 2534 enipius

297 2553 378 2599 uun.
389 2534 426 2598 In
443 2557 505 2618 qua
520 2555 594 2596 vero
609 2532 786 2597 calamitate
800 2533 953 2598 versaris?
974 2535 1076 2620 qualis
1089 2545 1132 2599 est
1146 2547 1199 2600 tao
1213 2533 1359 2602 fortuna?

297 2639 376 2684 aaa.
388 2618 648 2685 Menelaus—hei
663 2620 738 2683 mihi
751 2617 758 2682 l
783 2619 943 2706 quomodo
958 2621 1012 2684 hoc
1025 2621 1152 2686 dicam?
1177 2639 1317 2688 summias
1330 2639 1373 2686 est
1431 2667 1432 2696 2

465 2705 553 2769 mihi.
1431 2711 1432 2716 ’

296 2810 376 2854 nnn.
388 2791 497 2856 Nihilo
509 2791 656 2857 deteriori
672 2791 731 2856 hac
746 2794 872 2858 fortuna
884 2793 927 2858 oh
941 2805 1030 2857 tunm
1044 2795 1195 2858 nuncium
1210 2811 1293 2859 utor.

383 2876 556 2953 Quomodo
570 2887 668 2942 uatem
683 2877 821 2943 novisti?
841 2901 881 2943 an
897 2879 954 2945 tibi
969 2878 1123 2944 Theonoe
1138 2882 1197 2945 hoc
1211 2877 1315 2946 dixit?

297 2961 498 3027 aanEtilla
513 2963 599 3043 dicit,
614 2962 721 3042 ethic,
785 2963 862 3045 'snit
875 2986 1023 3049 presens,
1038 2987 1135 3052 quum
1151 2968 1202 3030 ille
1214 2966 1313 3052 periit

295 3067 375 3111 uns.
387 3047 522 3114 Venitne
536 3049 657 3136 aliquis,
669 2987 789 3136 quiIm
818 3051 914 3117 etiem
929 3065 1017 3116 certo
1030 3049 1181 3116 nunciet?
1295 3060 1374 3118 19oe

297 3134 502 3198 usuvenit:
525 3137 639 3212 veniat,
655 3153 690 3199 ut
704 3159 763 3224 ego
778 3140 872 3221 cupio
885 3138 984 3219 ipsum
998 3137 1115 3202 venire.

296 3239 375 3282 aas.
385 3219 467 3296 Quis
480 3219 552 3284 est?
572 3222 627 3284 uhi
642 3219 712 3286 est?
732 3233 768 3286 ut
781 3224 895 3288 certius
909 3223 1016 3287 sciam

296 3325 375 3368 nen.
386 3305 460 3385 Iste,
476 3308 530 3392 qui
544 3308 631 3372 sedet
646 3321 693 3370 tre
716 3307 805 3372 idans
818 3308 859 3372 ad
874 3307 935 3373 hoc
949 3321 1199 3374 mouumentum.

295 3410 376 3455 uun.
386 3393 418 3455 0
434 3393 564 3476 Apollo,
579 3415 671 3479 quam
687 3330 821 3457 deformi
835 3397 946 3459 vestitu
961 3394 1175 3482 insignisset?

297 3497 376 3540 unu.
387 3476 453 3541 Hei
470 3479 546 3542 milri
561 3477 568 3542 l
593 3479 701 3542 videor
716 3479 792 3544 mihi
808 3495 840 3544 et
854 3501 956 3544 meum
973 3481 1120 3546 maritum
1136 3483 1181 3558 sic
1194 3505 1229 3546 se
1242 3481 1362 3546 hahere.

296 3581 376 3625 uus.
388 3563 484 3648 Cujus
499 3577 602 3628 autem
618 3576 662 3628 est
676 3565 733 3628 iste
747 3565 805 3644 vir,
816 3579 847 3631 et
861 3569 946 3630 unde
959 3567 1081 3652 appulit
1096 3567 1137 3631 nd
1153 3571 1233 3632 hauc
1245 3567 1374 3632 terram?

296 3667 374 3711 nst.
385 3649 531 3725 Graecus,
548 3671 654 3714 unuse
665 3651 795 3728 Graecis,
807 3653 862 3737 qui
877 3654 1066 3738 navigarunt
1080 3673 1152 3718 curn
1167 3654 1281 3718 marito
1294 3675 1373 3718 meo.

294 3752 374 3796 una.
385 3734 462 3811 Quo
476 3749 580 3800 autem
597 3739 704 3800 mortis
717 3759 832 3824 genere
844 3738 889 3802 ait
904 3737 1086 3802 Menelaum
1101 3739 1254 3824 periisse?

296 3837 374 3884 nst.
385 3821 576 3896 Miserrimo,
592 3820 730 3886 humidis
744 3823 775 3886 in
791 3821 936 3888 fluctibru
950 3826 1054 3888 maris.

293 3924 375 3968 rur.
387 3903 478 3970 UbI?
498 3929 538 3970 an
553 3907 751 3994 navigantem
768 3910 799 3972 in
815 3911 895 3974 mari
910 3908 1098 3976 lrarbarico?
1294 3919 1371 3976 tero

295 4009 376 4054 nnn
390 3991 501 4076 Libyae
514 3992 558 4056 im
603 4009 708 4058 rtuosa
721 3995 855 4078 ejectum
870 3996 913 4060 ad
926 4019 1012 4062 saxa

292 4094 372 4138 rus.
384 4075 427 4140 Et
456 4099 529 4143 uorn
574 4077 730 4145 ohicnon
739 4080 843 4164 periit,
853 4103 925 4146 cum
936 4081 1140 4148 fueritsociua
1152 4081 1371 4170 navigationis?

294 4180 373 4226 nst..
383 4099 465 4226 Mdi
481 4164 637 4229 interdum
653 4179 726 4230 aunt
740 4163 959 4232 fortunatiores
973 4169 1074 4232 honis.

290 4265 371 4310 uus.
385 4247 449 4312 Ubi
465 4270 541 4312 vero
556 4251 643 4316 navis
657 4249 832 4338 fingmento
846 4255 902 4318 huc
917 4253 1042 4319 veniens
1058 4251 1211 4340 reliquit?
