2882 4858
567 195 584 260 1
600 195 632 262 0
648 195 690 268 N·
1105 203 1168 278 ⁵⁶7

170 369 311 456 Simplex
324 368 408 434 enim
422 379 501 434 esset
513 365 575 434 hoc
587 367 717 446 maium,
732 367 759 434 si
773 365 878 456 alique
891 366 990 438 nobiti
1002 379 1166 457 suspectum

168 457 285 533 Matre,
300 467 331 520 te
387 477 501 532 mussa,
516 467 602 520 tuam
618 467 763 518 causatus
774 451 979 542 sterilitatem,
1101 465 1165 522 840

170 540 349 608 lntaisoedi
373 563 409 606 us
417 540 613 605 collocasset:
629 539 656 604 si
668 561 741 606 vero
752 537 813 606 hoc
823 541 879 606 tibi
890 537 997 606 fuisset
1005 539 1163 620 acerbum,

169 626 347 712 Oportebat
362 627 464 712 ipsum
479 639 626 712 oppetere
639 648 682 690 nu
707 625 764 690 tias
779 626 860 692 inter
873 625 1026 692 AEoiidas.

169 712 297 779 Exinde
310 725 435 802 oportet
448 725 479 778 tc
487 713 554 798 jam
568 711 654 800 aliqu
710 711 862 778 muliebre
868 711 997 796 facinus
1010 713 1129 778 iaceres

166 801 231 866 Aut
245 801 328 864 euim
343 813 489 884 correpto
502 795 620 886 gladio,
631 811 687 862 aut
700 797 775 864 dolo
788 797 906 888 aliquo,

166 887 232 952 Aut
245 885 381 962 venenis,
396 897 485 950 tuum
502 883 677 950 interficere
690 885 838 950 meritum

166 971 210 1036 Et
224 971 334 1050 filium,
349 971 531 1119 priuspuem
546 971 602 1035 tibi
618 993 701 1036 mors
715 971 755 1036 ab
770 971 831 1036 illis
845 971 977 1036 eveniat.

167 1059 203 1124 Si
216 1058 300 1124 enim
315 1059 347 1122 in
363 1057 423 1122 hoo
450 1059 531 1122 ueris
545 1057 670 1146 ignave,
686 1057 808 1122 amittes
822 1056 937 1122 vitam:

166 1143 303 1208 Duobus
318 1144 400 1209 enim
416 1142 557 1208 hostibus
571 1140 604 1207 in
619 1163 714 1208 unam
730 1141 861 1208 domum
877 1141 1082 1219 venientibus,

163 1232 231 1294 Aut
244 1229 375 1294 alterum
390 1243 514 1314 oportet
528 1251 595 1294 esso
608 1231 849 1306 infortunatum,
861 1243 916 1294 aut
930 1227 1074 1294 alterum.

165 1313 237 1404 Ego
251 1329 336 1380 certe
349 1327 452 1380 tecum
467 1313 608 1379 laborem
622 1315 777 1400 suscipere
791 1313 874 1398 vplo,
1095 1323 1158 1381 860

165 1400 209 1466 Et
222 1401 315 1465 simul
331 1400 504 1466 interficere
518 1400 629 1478 filium,
644 1401 801 1488 ingressus
816 1399 910 1479 aedes,

164 1485 232 1552 Ubi
245 1488 421 1552 convivium
435 1501 576 1572 apparat,
592 1500 623 1553 et
637 1485 1000 1572 premis-nutricationis
1014 1485 1149 1552 dominis

165 1573 315 1638 Reddens
328 1588 359 1638 et
376 1573 465 1650 mori,
481 1587 512 1638 et
526 1573 617 1638 salvis
631 1573 732 1638 lucem
749 1572 897 1658 aspicere.

163 1657 240 1726 Una
253 1661 336 1724 euim
351 1681 400 1722 res
415 1659 516 1724 adfert
529 1659 624 1724 servis
637 1657 782 1736 dedecus,

162 1743 306 1810 Nomen:
330 1747 361 1808 in
378 1745 498 1810 certeris
512 1745 595 1809 enim
609 1745 754 1809 omnibus
768 1744 874 1810 liberis

164 1829 280 1896 Nullus
293 1853 399 1896 servus
412 1841 457 1894 est
470 1829 617 1908 deterior,
633 1833 687 1918 qui
701 1831 803 1896 bonus
817 1827 922 1894 fuerit.

72 1937 151 1984 cuo.
163 1915 206 1982 Et
220 1939 289 2018 epo,
305 1915 400 1982 chare
414 1915 553 1994 domina,
568 1915 776 1984 columitatem
793 1915 865 1979 volo

164 2003 304 2068 Peruens
317 2016 432 2080 tecum,
448 2016 504 2068 sut
517 2003 609 2082 mori,
624 2017 679 2072 aut
693 2005 795 2068 vivere
809 2001 950 2090 honeste.

74 2109 152 2156 cns.
163 2088 197 2154 Ο
211 2089 326 2166 anima,
342 2087 476 2154 tacebo?

160 2175 331 2244 Quomodo
344 2193 447 2242 eutem
464 2173 673 2240 clandestinos
687 2174 825 2260 aperiam
1093 2179 1157 2238 860

161 2259 368 2338 Concubitus,
384 2259 578 2345 pudoremnc
592 2257 732 2326 extrem?

161 2345 259 2424 Quod
273 2349 357 2412 enim
371 2345 629 2432 impedimentum
644 2347 748 2411 obstat
761 2343 839 2412 mihi
854 2339 1011 2430 amplius?

162 2431 245 2498 Cum
261 2457 324 2520 quo
339 2433 371 2497 in
388 2433 507 2498 virtutis
521 2445 678 2498 certamen
694 2428 935 2498 descendimus?

160 2517 278 2584 Nonne
293 2519 421 2584 meritus
435 2519 533 2582 nostri
548 2517 692 2604 proditor
705 2519 775 2583 est?

161 2603 275 2670 Priror
288 2619 392 2670 eutem
407 2604 513 2682 domo,
528 2605 635 2690 privor
649 2617 680 2670 et
693 2603 811 2682 liberis,

159 2691 281 2757 Omnes
295 2689 387 2756 etiam
404 2713 472 2774 spes
485 2691 657 2776 perierunt,
671 2713 750 2779 quas
764 2689 930 2776 disponere

159 2777 301 2862 Cupiens
316 2790 399 2844 recte
412 2798 474 2841 non
490 2777 589 2861 potui,

158 2861 284 2928 Tenens
297 2862 510 2938 concubitum,

158 2947 285 3016 Tacens
300 2963 423 3034 partum
439 2945 787 3032 vaide-deplorandum.

159 3035 223 3100 Sed
239 3057 314 3112 non,
327 3057 381 3118 per
394 3035 506 3100 solium
522 3032 676 3102 sidereum
692 3031 780 3098 Jovis
1092 3030 1156 3104 870

159 3119 203 3185 Et
217 3143 277 3186 aaa
288 3143 342 3204 per
356 3119 461 3186 Dcsm
475 3119 670 3188 habitantem
686 3140 781 3204 supra
795 3136 882 3180 meos
896 3113 1052 3200 scopulos,

158 3205 202 3271 Et
216 3229 275 3271 noa
283 3229 337 3290 per
351 3206 474 3291 paludis
487 3229 614 3294 aquosae
630 3203 816 3270 Tritonidos

158 3295 291 3358 Sacrum
306 3293 404 3372 littus,

158 3377 233 3444 Non
248 3377 382 3463 amplius
396 3377 563 3443 occultabo
576 3375 789 3454 concubitum,
804 3387 840 3440 ut
853 3385 981 3460 pectore

157 3465 320 3530 Amovens
334 3463 432 3528 levior
446 3465 516 3528 sim.

157 3549 285 3616 Stiiisnt
301 3573 379 3614 meas
393 3549 522 3636 pupillae
537 3547 694 3634 lacrymis,

156 3635 199 3702 Et
214 3636 319 3702 snime
333 3636 428 3713 dolet,
444 3632 780 3720 malis-insidiis-petita

157 3721 200 3787 Et
215 3721 256 3788 ab
271 3719 453 3788 hominibus
465 3735 499 3786 et
512 3745 532 3786 a
546 3721 629 3798 Diis,

155 3807 249 3885 Quos
263 3806 487 3874 demonstrabo

154 3895 304 3984 Ingratos
318 3893 491 3980 proditores
505 3892 669 3960 lectorum.

156 3983 187 4044 0
200 3993 319 4067 septem
337 3977 628 4046 fidibus-instructae
643 3975 754 4043 ludens

156 4066 299 4132 Citberas
314 4087 433 4146 vocem,
448 4089 521 4154 qum
534 4063 709 4155 agrestibus

155 4151 324 4223 Mutuum
339 4151 476 4239 hymnos
490 4151 574 4221 ciere
587 4161 748 4228 sonantes,

155 4239 315 4308 Comibus
329 4237 510 4309 inanimatis
524 4251 618 4306 sonat
639 4333 659 4386 4

570 4349 590 4388 o
604 4347 624 4388 o
