<?xml version="1.0" encoding="UTF-8"?>
<!DOCTYPE html PUBLIC "-//W3C//DTD XHTML 1.0 Transitional//EN"
    "http://www.w3.org/TR/xhtml1/DTD/xhtml1-transitional.dtd">
<html xmlns="http://www.w3.org/1999/xhtml" xml:lang="en" lang="en">
 <head>
  <title>
</title>
<meta http-equiv="Content-Type" content="text/html;charset=utf-8" />
  <meta name='ocr-system' content='tesseract 3.04.00' />
  <meta name='ocr-capabilities' content='ocr_page ocr_carea ocr_par ocr_line ocrx_word'/>
</head>
<body>
  <div class='ocr_page' id='page_1' title='image "./euripidistragoe00mattgoog/euripidistragoe00mattgoog_0404.png"; bbox 0 0 2774 4864; ppageno 0'>
   <div class='ocr_carea' id='block_1_1' title="bbox 260 224 1092 302">
    <p class='ocr_par' dir='ltr' id='par_1_1' title="bbox 260 224 1092 302">
     <span class='ocr_line' id='line_1_1' title="bbox 260 224 1092 302; baseline -0.004 -9"><span class='ocrx_word' id='word_1_1' title='bbox 260 239 265 249; x_wconf 92' lang='grc'>’</span> <span class='ocrx_word' id='word_1_2' title='bbox 406 224 701 294; x_wconf 60' lang='lat' dir='ltr'>TROADE&amp;</span> <span class='ocrx_word' id='word_1_3' title='bbox 1021 243 1092 302; x_wconf 64' lang='lat' dir='ltr'><strong>sm</strong></span> 
     </span>
    </p>
   </div>
   <div class='ocr_carea' id='block_1_2' title="bbox 60 399 1016 760">
    <p class='ocr_par' dir='ltr' id='par_1_2' title="bbox 60 399 1016 760">
     <span class='ocr_line' id='line_1_2' title="bbox 60 399 1016 490; baseline -0.002 -16"><span class='ocrx_word' id='word_1_4' title='bbox 60 407 150 476; x_wconf 84' lang='lat' dir='ltr'><strong>uuc.0</strong></span> <span class='ocrx_word' id='word_1_5' title='bbox 161 405 301 480; x_wconf 72' lang='lat' dir='ltr'><strong>vuoone,</strong></span> <span class='ocrx_word' id='word_1_6' title='bbox 316 401 416 468; x_wconf 83' lang='lat' dir='ltr'><strong>facem</strong></span> <span class='ocrx_word' id='word_1_7' title='bbox 429 399 558 487; x_wconf 86' lang='lat' dir='ltr'><strong>quidem</strong></span> <span class='ocrx_word' id='word_1_8' title='bbox 570 399 632 466; x_wconf 80' lang='lat' dir='ltr'><strong>iera</strong></span> <span class='ocrx_word' id='word_1_9' title='bbox 645 401 678 465; x_wconf 91' lang='lat' dir='ltr'><strong>in</strong></span> <span class='ocrx_word' id='word_1_10' title='bbox 692 401 811 486; x_wconf 89' lang='lat' dir='ltr'><strong>nuptiis</strong></span> <span class='ocrx_word' id='word_1_11' title='bbox 825 405 1016 490; x_wconf 73' lang='lat' dir='ltr'><strong>mortalium,</strong></span> 
     </span>
     <span class='ocr_line' id='line_1_3' title="bbox 121 485 878 572; baseline -0.009 -12"><span class='ocrx_word' id='word_1_12' title='bbox 121 493 173 562; x_wconf 89' lang='lat' dir='ltr'><strong>Sed</strong></span> <span class='ocrx_word' id='word_1_13' title='bbox 184 491 329 557; x_wconf 82' lang='lat' dir='ltr'><strong>inuestem</strong></span> <span class='ocrx_word' id='word_1_14' title='bbox 346 490 427 553; x_wconf 85' lang='lat' dir='ltr'><strong>banc</strong></span> <span class='ocrx_word' id='word_1_15' title='bbox 440 486 582 572; x_wconf 85' lang='lat' dir='ltr'><strong>concutis</strong></span> <span class='ocrx_word' id='word_1_16' title='bbox 592 485 691 552; x_wconf 82' lang='lat' dir='ltr'><strong>facem</strong></span> <span class='ocrx_word' id='word_1_17' title='bbox 705 487 878 568; x_wconf 76' lang='lat' dir='ltr'>ardentem,</span> 
     </span>
     <span class='ocr_line' id='line_1_4' title="bbox 121 571 846 666; baseline -0.011 -20"><span class='ocrx_word' id='word_1_18' title='bbox 121 581 158 646; x_wconf 82' lang='lat' dir='ltr'><strong>Et</strong></span> <span class='ocrx_word' id='word_1_19' title='bbox 167 591 273 666; x_wconf 84' lang='lat' dir='ltr'><strong>proeter</strong></span> <span class='ocrx_word' id='word_1_20' title='bbox 288 597 435 660; x_wconf 76' lang='lat' dir='ltr'><strong>magnam</strong></span> <span class='ocrx_word' id='word_1_21' title='bbox 449 595 556 659; x_wconf 81' lang='lat' dir='ltr'><strong>spem:</strong></span> <span class='ocrx_word' id='word_1_22' title='bbox 579 571 640 638; x_wconf 87' lang='lat' dir='ltr'><strong>heu</strong></span> <span class='ocrx_word' id='word_1_23' title='bbox 654 571 744 650; x_wconf 90' lang='lat' dir='ltr'><strong>mihi,</strong></span> <span class='ocrx_word' id='word_1_24' title='bbox 759 573 825 639; x_wconf 86' lang='lat' dir='ltr'><strong>filia</strong></span> <span class='ocrx_word' id='word_1_25' title='bbox 839 574 846 638; x_wconf 93' lang='lat' dir='ltr'><strong>l</strong></span> 
     </span>
     <span class='ocr_line' id='line_1_5' title="bbox 120 658 999 760; baseline -0.005 -28"><span class='ocrx_word' id='word_1_26' title='bbox 120 667 160 733; x_wconf 92' lang='lat' dir='ltr'><strong>Ut</strong></span> <span class='ocrx_word' id='word_1_27' title='bbox 170 683 322 750; x_wconf 85' lang='lat' dir='ltr'><strong>nunquam</strong></span> <span class='ocrx_word' id='word_1_28' title='bbox 336 661 395 726; x_wconf 89' lang='lat' dir='ltr'><strong>sub</strong></span> <span class='ocrx_word' id='word_1_29' title='bbox 409 661 505 726; x_wconf 83' lang='lat' dir='ltr'><strong>armis</strong></span> <span class='ocrx_word' id='word_1_30' title='bbox 519 673 560 736; x_wconf 84' lang='lat' dir='ltr'><strong>te,</strong></span> <span class='ocrx_word' id='word_1_31' title='bbox 575 680 677 760; x_wconf 83' lang='lat' dir='ltr'><strong>neque</strong></span> <span class='ocrx_word' id='word_1_32' title='bbox 689 658 752 760; x_wconf 74' lang='lat' dir='ltr'><strong>sub</strong></span> <span class='ocrx_word' id='word_1_33' title='bbox 766 658 856 726; x_wconf 87' lang='lat' dir='ltr'><strong>hasta</strong></span> <span class='ocrx_word' id='word_1_34' title='bbox 872 664 999 751; x_wconf 80' lang='lat' dir='ltr'><strong>Argiva,</strong></span> 
     </span>
    </p>
   </div>
   <div class='ocr_carea' id='block_1_3' title="bbox 47 747 1190 4365">
    <p class='ocr_par' dir='ltr' id='par_1_3' title="bbox 116 747 919 932">
     <span class='ocr_line' id='line_1_6' title="bbox 120 747 771 830; baseline -0.012 -12"><span class='ocrx_word' id='word_1_35' title='bbox 120 751 213 818; x_wconf 82' lang='lat' dir='ltr'><strong>Putsvi</strong></span> <span class='ocrx_word' id='word_1_36' title='bbox 227 747 454 815; x_wconf 67' lang='lat' dir='ltr'><strong>celebraturum</strong></span> <span class='ocrx_word' id='word_1_37' title='bbox 468 766 534 810; x_wconf 83' lang='lat' dir='ltr'><strong>esse</strong></span> <span class='ocrx_word' id='word_1_38' title='bbox 548 757 674 830; x_wconf 84' lang='lat' dir='ltr'><strong>nupttas</strong></span> <span class='ocrx_word' id='word_1_39' title='bbox 687 757 771 810; x_wconf 77' lang='lat' dir='ltr'><strong>ustas.</strong></span> 
     </span>
     <span class='ocr_line' id='line_1_7' title="bbox 116 823 919 932; baseline -0.01 -27"><span class='ocrx_word' id='word_1_40' title='bbox 116 839 164 905; x_wconf 88' lang='lat' dir='ltr'><strong>Da</strong></span> <span class='ocrx_word' id='word_1_41' title='bbox 174 835 244 902; x_wconf 90' lang='lat' dir='ltr'><strong>mihi</strong></span> <span class='ocrx_word' id='word_1_42' title='bbox 259 834 376 899; x_wconf 81' lang='lat' dir='ltr'><strong>facem:</strong></span> <span class='ocrx_word' id='word_1_43' title='bbox 399 831 563 896; x_wconf 87' lang='lat' dir='ltr'><strong>nonenim</strong></span> <span class='ocrx_word' id='word_1_44' title='bbox 578 842 662 896; x_wconf 87' lang='lat' dir='ltr'><strong>recte</strong></span> <span class='ocrx_word' id='word_1_45' title='bbox 675 829 735 895; x_wconf 79' lang='lat' dir='ltr'><strong>iera</strong></span> <span class='ocrx_word' id='word_1_46' title='bbox 749 833 855 932; x_wconf 74' lang='lat' dir='ltr'><strong>ignem</strong></span> <span class='ocrx_word' id='word_1_47' title='bbox 915 823 919 834; x_wconf 74' lang='grc'>’</span> 
     </span>
    </p>

    <p class='ocr_par' dir='ltr' id='par_1_4' title="bbox 59 915 1094 1269">
     <span class='ocr_line' id='line_1_8' title="bbox 59 915 936 998; baseline -0.001 -8"><span class='ocrx_word' id='word_1_48' title='bbox 59 945 60 952; x_wconf 63' lang='grc'><strong>“</strong></span> <span class='ocrx_word' id='word_1_49' title='bbox 117 925 218 990; x_wconf 84' lang='lat' dir='ltr'><strong>loram</strong></span> <span class='ocrx_word' id='word_1_50' title='bbox 230 935 371 996; x_wconf 73' lang='lat' dir='ltr'><strong>currenst</strong></span> <span class='ocrx_word' id='word_1_51' title='bbox 383 917 525 982; x_wconf 88' lang='lat' dir='ltr'><strong>nondum</strong></span> <span class='ocrx_word' id='word_1_52' title='bbox 538 929 579 998; x_wconf 90' lang='lat' dir='ltr'><strong>te,</strong></span> <span class='ocrx_word' id='word_1_53' title='bbox 592 916 625 982; x_wconf 93' lang='grc' dir='ltr'>Ο</span> <span class='ocrx_word' id='word_1_54' title='bbox 638 915 714 997; x_wconf 84' lang='lat' dir='ltr'><strong>lilio,</strong></span> <span class='ocrx_word' id='word_1_55' title='bbox 728 931 833 984; x_wconf 74' lang='lat' dir='ltr'><strong>tristes</strong></span> <span class='ocrx_word' id='word_1_56' title='bbox 847 943 936 988; x_wconf 79' lang='lat' dir='ltr'><strong>came</strong></span> 
     </span>
     <span class='ocr_line' id='line_1_9' title="bbox 120 1003 1094 1081; baseline 0.004 -5"><span class='ocrx_word' id='word_1_57' title='bbox 120 1009 325 1076; x_wconf 86' lang='lat' dir='ltr'><strong>Reddideruut</strong></span> <span class='ocrx_word' id='word_1_58' title='bbox 338 1003 568 1081; x_wconf 78' lang='lat' dir='ltr'><strong>modestiorem,</strong></span> <span class='ocrx_word' id='word_1_59' title='bbox 579 1003 675 1068; x_wconf 88' lang='lat' dir='ltr'><strong>sedin</strong></span> <span class='ocrx_word' id='word_1_60' title='bbox 687 1004 889 1072; x_wconf 82' lang='lat' dir='ltr'><strong>eodemstoto</strong></span> <span class='ocrx_word' id='word_1_61' title='bbox 898 1029 1016 1076; x_wconf 86' lang='lat' dir='ltr'><strong>manes.</strong></span> <span class='ocrx_word' id='word_1_62' title='bbox 1031 1020 1094 1080; x_wconf 75' lang='lat'><strong>³50</strong></span> 
     </span>
     <span class='ocr_line' id='line_1_10' title="bbox 117 1089 759 1175; baseline -0.014 -12"><span class='ocrx_word' id='word_1_63' title='bbox 117 1098 197 1163; x_wconf 88' lang='lat' dir='ltr'><strong>lutro</strong></span> <span class='ocrx_word' id='word_1_64' title='bbox 208 1093 284 1159; x_wconf 77' lang='lat' dir='ltr'><strong>ferte</strong></span> <span class='ocrx_word' id='word_1_65' title='bbox 299 1091 390 1170; x_wconf 83' lang='lat' dir='ltr'><strong>laces,</strong></span> <span class='ocrx_word' id='word_1_66' title='bbox 405 1103 438 1156; x_wconf 89' lang='lat' dir='ltr'><strong>et</strong></span> <span class='ocrx_word' id='word_1_67' title='bbox 450 1089 627 1175; x_wconf 76' lang='lat' dir='ltr'><strong>lachrymas</strong></span> <span class='ocrx_word' id='word_1_68' title='bbox 640 1101 759 1155; x_wconf 78' lang='lat' dir='ltr'><strong>mutate</strong></span> 
     </span>
     <span class='ocr_line' id='line_1_11' title="bbox 116 1175 789 1269; baseline -0.01 -22"><span class='ocrx_word' id='word_1_69' title='bbox 116 1183 260 1269; x_wconf 81' lang='lat' dir='ltr'><strong>Trojauae‚</strong></span> <span class='ocrx_word' id='word_1_70' title='bbox 276 1178 368 1264; x_wconf 89' lang='lat' dir='ltr'><strong>hujus</strong></span> <span class='ocrx_word' id='word_1_71' title='bbox 382 1176 572 1242; x_wconf 78' lang='lat' dir='ltr'><strong>carminibus</strong></span> <span class='ocrx_word' id='word_1_72' title='bbox 586 1175 789 1259; x_wconf 75' lang='lat' dir='ltr'><strong>nuptialibus.</strong></span> 
     </span>
    </p>

    <p class='ocr_par' dir='ltr' id='par_1_5' title="bbox 47 1261 769 1346">
     <span class='ocr_line' id='line_1_12' title="bbox 47 1261 769 1346; baseline -0.011 -11"><span class='ocrx_word' id='word_1_73' title='bbox 47 1291 99 1335; x_wconf 84' lang='lat' dir='ltr'><strong>ms.</strong></span> <span class='ocrx_word' id='word_1_74' title='bbox 117 1267 221 1344; x_wconf 84' lang='lat' dir='ltr'><strong>Mater,</strong></span> <span class='ocrx_word' id='word_1_75' title='bbox 236 1287 316 1330; x_wconf 88' lang='lat' dir='ltr'><strong>orna</strong></span> <span class='ocrx_word' id='word_1_76' title='bbox 328 1285 434 1328; x_wconf 85' lang='lat' dir='ltr'><strong>meum</strong></span> <span class='ocrx_word' id='word_1_77' title='bbox 449 1273 544 1346; x_wconf 86' lang='lat' dir='ltr'><strong>capnt</strong></span> <span class='ocrx_word' id='word_1_78' title='bbox 559 1261 769 1344; x_wconf 81' lang='lat' dir='ltr'><strong>victoriosum,</strong></span> 
     </span>
    </p>

    <p class='ocr_par' dir='ltr' id='par_1_6' title="bbox 116 1349 657 1437">
     <span class='ocr_line' id='line_1_13' title="bbox 116 1349 657 1437; baseline -0.017 -17"><span class='ocrx_word' id='word_1_79' title='bbox 116 1355 156 1420; x_wconf 87' lang='lat' dir='ltr'><strong>Et</strong></span> <span class='ocrx_word' id='word_1_80' title='bbox 219 1351 317 1418; x_wconf 84' lang='lat' dir='ltr'><strong>tulare</strong></span> <span class='ocrx_word' id='word_1_81' title='bbox 332 1351 408 1415; x_wconf 88' lang='lat' dir='ltr'><strong>meis</strong></span> <span class='ocrx_word' id='word_1_82' title='bbox 423 1349 515 1437; x_wconf 82' lang='lat' dir='ltr'><strong>regiis</strong></span> <span class='ocrx_word' id='word_1_83' title='bbox 528 1349 657 1434; x_wconf 87' lang='lat' dir='ltr'><strong>nuptiis,</strong></span> 
     </span>
    </p>

    <p class='ocr_par' dir='ltr' id='par_1_7' title="bbox 116 1375 870 1524">
     <span class='ocr_line' id='line_1_14' title="bbox 116 1375 870 1524; baseline -0.008 -18"><span class='ocrx_word' id='word_1_84' title='bbox 116 1441 155 1506; x_wconf 86' lang='lat' dir='ltr'><strong>Et</strong></span> <span class='ocrx_word' id='word_1_85' title='bbox 166 1375 263 1504; x_wconf 41' lang='lat' dir='ltr'><strong>§educ</strong></span> <span class='ocrx_word' id='word_1_86' title='bbox 276 1457 412 1524; x_wconf 88' lang='lat' dir='ltr'><strong>quoque,</strong></span> <span class='ocrx_word' id='word_1_87' title='bbox 427 1447 458 1500; x_wconf 90' lang='lat' dir='ltr'><strong>et</strong></span> <span class='ocrx_word' id='word_1_88' title='bbox 471 1434 531 1500; x_wconf 89' lang='lat' dir='ltr'><strong>uisi</strong></span> <span class='ocrx_word' id='word_1_89' title='bbox 545 1433 689 1500; x_wconf 75' lang='lat' dir='ltr'><strong>alacriter</strong></span> <span class='ocrx_word' id='word_1_90' title='bbox 703 1435 870 1523; x_wconf 86' lang='lat' dir='ltr'><strong>obsequar,</strong></span> 
     </span>
    </p>

    <p class='ocr_par' dir='ltr' id='par_1_8' title="bbox 114 1520 807 1605">
     <span class='ocr_line' id='line_1_15' title="bbox 114 1520 807 1605; baseline -0.013 -13"><span class='ocrx_word' id='word_1_91' title='bbox 114 1525 215 1592; x_wconf 89' lang='lat' dir='ltr'><strong>Trude</strong></span> <span class='ocrx_word' id='word_1_92' title='bbox 227 1547 273 1588; x_wconf 83' lang='lat' dir='ltr'><strong>me</strong></span> <span class='ocrx_word' id='word_1_93' title='bbox 287 1523 455 1588; x_wconf 84' lang='lat' dir='ltr'><strong>violenter:</strong></span> <span class='ocrx_word' id='word_1_94' title='bbox 478 1520 602 1585; x_wconf 89' lang='lat' dir='ltr'><strong>sienim</strong></span> <span class='ocrx_word' id='word_1_95' title='bbox 617 1533 664 1585; x_wconf 90' lang='lat' dir='ltr'><strong>est</strong></span> <span class='ocrx_word' id='word_1_96' title='bbox 680 1521 807 1605; x_wconf 79' lang='lat' dir='ltr'><strong>Apollo,</strong></span> 
     </span>
    </p>

    <p class='ocr_par' dir='ltr' id='par_1_9' title="bbox 115 1606 1098 1696">
     <span class='ocr_line' id='line_1_16' title="bbox 115 1606 1098 1696; baseline -0.001 -18"><span class='ocrx_word' id='word_1_97' title='bbox 115 1611 280 1678; x_wconf 84' lang='lat' dir='ltr'><strong>lnfeliciore</strong></span> <span class='ocrx_word' id='word_1_98' title='bbox 293 1609 451 1696; x_wconf 83' lang='lat' dir='ltr'><strong>con‘ugio,</strong></span> <span class='ocrx_word' id='word_1_99' title='bbox 463 1628 557 1692; x_wconf 86' lang='lat' dir='ltr'><strong>quam</strong></span> <span class='ocrx_word' id='word_1_100' title='bbox 571 1606 707 1671; x_wconf 80' lang='lat' dir='ltr'><strong>Helenae</strong></span> <span class='ocrx_word' id='word_1_101' title='bbox 721 1621 798 1685; x_wconf 79' lang='lat' dir='ltr'><strong>erat,</strong></span> <span class='ocrx_word' id='word_1_102' title='bbox 808 1629 858 1672; x_wconf 90' lang='lat' dir='ltr'><strong>me</strong></span> <span class='ocrx_word' id='word_1_103' title='bbox 869 1609 957 1674; x_wconf 90' lang='lat' dir='ltr'><strong>ducit</strong></span> <span class='ocrx_word' id='word_1_104' title='bbox 967 1633 1098 1678; x_wconf 84' lang='lat' dir='ltr'><strong>uxorem</strong></span> 
     </span>
    </p>

    <p class='ocr_par' dir='ltr' id='par_1_10' title="bbox 113 1633 825 1788">
     <span class='ocr_line' id='line_1_17' title="bbox 113 1633 825 1788; baseline -0.013 -23"><span class='ocrx_word' id='word_1_105' title='bbox 113 1700 324 1788; x_wconf 76' lang='lat' dir='ltr'><strong>Agamemnon</strong></span> <span class='ocrx_word' id='word_1_106' title='bbox 339 1633 392 1758; x_wconf 76' lang='lat' dir='ltr'><strong>ille</strong></span> <span class='ocrx_word' id='word_1_107' title='bbox 405 1693 541 1780; x_wconf 87' lang='lat' dir='ltr'><strong>inclytus</strong></span> <span class='ocrx_word' id='word_1_108' title='bbox 557 1693 743 1758; x_wconf 75' lang='lat' dir='ltr'><strong>Graecorum</strong></span> <span class='ocrx_word' id='word_1_109' title='bbox 759 1715 825 1759; x_wconf 83' lang='lat' dir='ltr'><strong>rex.</strong></span> 
     </span>
    </p>

    <p class='ocr_par' dir='ltr' id='par_1_11' title="bbox 113 1778 1092 1870">
     <span class='ocr_line' id='line_1_18' title="bbox 113 1778 1092 1870; baseline -0.003 -21"><span class='ocrx_word' id='word_1_110' title='bbox 113 1783 299 1850; x_wconf 81' lang='lat' dir='ltr'><strong>lnteriiciam</strong></span> <span class='ocrx_word' id='word_1_111' title='bbox 313 1781 397 1846; x_wconf 89' lang='lat' dir='ltr'><strong>enim</strong></span> <span class='ocrx_word' id='word_1_112' title='bbox 413 1779 525 1864; x_wconf 88' lang='lat' dir='ltr'><strong>ipsum,</strong></span> <span class='ocrx_word' id='word_1_113' title='bbox 537 1791 570 1842; x_wconf 90' lang='lat' dir='ltr'><strong>et</strong></span> <span class='ocrx_word' id='word_1_114' title='bbox 582 1778 717 1842; x_wconf 83' lang='lat' dir='ltr'><strong>vicissim</strong></span> <span class='ocrx_word' id='word_1_115' title='bbox 731 1779 860 1845; x_wconf 82' lang='lat' dir='ltr'><strong>vastabo</strong></span> <span class='ocrx_word' id='word_1_116' title='bbox 872 1780 1003 1847; x_wconf 90' lang='lat' dir='ltr'><strong>domum</strong></span> <span class='ocrx_word' id='word_1_117' title='bbox 1018 1783 1092 1870; x_wconf 67' lang='grc' dir='ltr'><strong>ιῇω,</strong></span> 
     </span>
    </p>

    <p class='ocr_par' dir='ltr' id='par_1_12' title="bbox 112 1862 1150 1954">
     <span class='ocr_line' id='line_1_19' title="bbox 112 1862 1150 1954; baseline 0.002 -18"><span class='ocrx_word' id='word_1_118' title='bbox 112 1862 919 1954; x_wconf 80' lang='lat' dir='ltr'><strong>Sumenspoeuamprointeriectisfratribusetpatre</strong></span> <span class='ocrx_word' id='word_1_119' title='bbox 927 1890 1014 1934; x_wconf 81' lang='lat' dir='ltr'><strong>meo:</strong></span> <span class='ocrx_word' id='word_1_120' title='bbox 1036 1880 1099 1938; x_wconf 76' lang='grc'><strong>360</strong></span> <span class='ocrx_word' id='word_1_121' title='bbox 1145 1901 1150 1910; x_wconf 91' lang='lat'><strong>·</strong></span> 
     </span>
    </p>

    <p class='ocr_par' dir='ltr' id='par_1_13' title="bbox 112 1950 1005 2032">
     <span class='ocr_line' id='line_1_20' title="bbox 112 1950 1005 2032; baseline -0.004 -10"><span class='ocrx_word' id='word_1_122' title='bbox 112 1957 173 2022; x_wconf 89' lang='lat' dir='ltr'><strong>Sed</strong></span> <span class='ocrx_word' id='word_1_123' title='bbox 185 1955 253 2020; x_wconf 84' lang='lat' dir='ltr'><strong>haec</strong></span> <span class='ocrx_word' id='word_1_124' title='bbox 266 1955 428 2018; x_wconf 75' lang='lat' dir='ltr'><strong>omittam:</strong></span> <span class='ocrx_word' id='word_1_125' title='bbox 452 1972 516 2014; x_wconf 91' lang='lat' dir='ltr'><strong>non</strong></span> <span class='ocrx_word' id='word_1_126' title='bbox 528 1950 846 2016; x_wconf 80' lang='lat' dir='ltr'><strong>commemorabimus</strong></span> <span class='ocrx_word' id='word_1_127' title='bbox 860 1954 1005 2032; x_wconf 89' lang='lat' dir='ltr'><strong>securim,</strong></span> 
     </span>
    </p>

    <p class='ocr_par' dir='ltr' id='par_1_14' title="bbox 109 2036 775 2119">
     <span class='ocr_line' id='line_1_21' title="bbox 109 2036 775 2119; baseline -0.009 -13"><span class='ocrx_word' id='word_1_128' title='bbox 109 2042 191 2119; x_wconf 80' lang='lat' dir='ltr'><strong>Quae</strong></span> <span class='ocrx_word' id='word_1_129' title='bbox 203 2043 236 2104; x_wconf 90' lang='lat' dir='ltr'><strong>in</strong></span> <span class='ocrx_word' id='word_1_130' title='bbox 250 2061 355 2104; x_wconf 87' lang='lat' dir='ltr'><strong>meum</strong></span> <span class='ocrx_word' id='word_1_131' title='bbox 370 2039 486 2103; x_wconf 87' lang='lat' dir='ltr'><strong>collum</strong></span> <span class='ocrx_word' id='word_1_132' title='bbox 502 2036 569 2111; x_wconf 90' lang='lat' dir='ltr'><strong>ibit,</strong></span> <span class='ocrx_word' id='word_1_133' title='bbox 585 2036 775 2112; x_wconf 77' lang='lat' dir='ltr'><strong>stallorum,</strong></span> 
     </span>
    </p>

    <p class='ocr_par' dir='ltr' id='par_1_15' title="bbox 110 2122 950 2214">
     <span class='ocr_line' id='line_1_22' title="bbox 110 2122 950 2214; baseline -0.005 -20"><span class='ocrx_word' id='word_1_134' title='bbox 110 2129 177 2194; x_wconf 91' lang='lat' dir='ltr'><strong>Nec</strong></span> <span class='ocrx_word' id='word_1_135' title='bbox 189 2125 399 2214; x_wconf 84' lang='lat' dir='ltr'><strong>parricidialis</strong></span> <span class='ocrx_word' id='word_1_136' title='bbox 413 2122 592 2200; x_wconf 83' lang='lat' dir='ltr'><strong>certamina,</strong></span> <span class='ocrx_word' id='word_1_137' title='bbox 607 2143 680 2206; x_wconf 87' lang='lat' dir='ltr'><strong>quae</strong></span> <span class='ocrx_word' id='word_1_138' title='bbox 694 2145 733 2188; x_wconf 83' lang='lat' dir='ltr'><strong>ex</strong></span> <span class='ocrx_word' id='word_1_139' title='bbox 742 2123 819 2188; x_wconf 87' lang='lat' dir='ltr'><strong>meis</strong></span> <span class='ocrx_word' id='word_1_140' title='bbox 832 2125 950 2211; x_wconf 87' lang='lat' dir='ltr'><strong>nuptiis</strong></span> 
     </span>
    </p>

    <p class='ocr_par' dir='ltr' id='par_1_16' title="bbox 108 2207 783 2290">
     <span class='ocr_line' id='line_1_23' title="bbox 108 2207 783 2290; baseline -0.012 -10"><span class='ocrx_word' id='word_1_141' title='bbox 108 2214 267 2290; x_wconf 85' lang='lat' dir='ltr'><strong>Orientur,</strong></span> <span class='ocrx_word' id='word_1_142' title='bbox 283 2226 315 2276; x_wconf 89' lang='lat' dir='ltr'><strong>et</strong></span> <span class='ocrx_word' id='word_1_143' title='bbox 327 2210 454 2274; x_wconf 80' lang='lat' dir='ltr'><strong>lumiliae</strong></span> <span class='ocrx_word' id='word_1_144' title='bbox 471 2209 561 2275; x_wconf 81' lang='lat' dir='ltr'><strong>Atrei</strong></span> <span class='ocrx_word' id='word_1_145' title='bbox 575 2207 783 2274; x_wconf 81' lang='lat' dir='ltr'><strong>eversionem:</strong></span> 
     </span>
    </p>

    <p class='ocr_par' dir='ltr' id='par_1_17' title="bbox 107 2292 790 2372">
     <span class='ocr_line' id='line_1_24' title="bbox 107 2292 790 2372; baseline -0.013 -6"><span class='ocrx_word' id='word_1_146' title='bbox 107 2301 152 2366; x_wconf 88' lang='lat' dir='ltr'><strong>Et</strong></span> <span class='ocrx_word' id='word_1_147' title='bbox 166 2300 247 2365; x_wconf 87' lang='lat' dir='ltr'><strong>hanc</strong></span> <span class='ocrx_word' id='word_1_148' title='bbox 260 2297 418 2362; x_wconf 78' lang='lat' dir='ltr'><strong>civitatem</strong></span> <span class='ocrx_word' id='word_1_149' title='bbox 432 2293 595 2360; x_wconf 81' lang='lat' dir='ltr'><strong>ostendum</strong></span> <span class='ocrx_word' id='word_1_150' title='bbox 609 2292 790 2372; x_wconf 82' lang='lat' dir='ltr'><strong>feliciorem,</strong></span> 
     </span>
    </p>

    <p class='ocr_par' dir='ltr' id='par_1_18' title="bbox 105 2379 1006 2466">
     <span class='ocr_line' id='line_1_25' title="bbox 105 2379 1006 2466; baseline -0.001 -15"><span class='ocrx_word' id='word_1_151' title='bbox 105 2386 213 2464; x_wconf 84' lang='lat' dir='ltr'><strong>Quam</strong></span> <span class='ocrx_word' id='word_1_152' title='bbox 229 2381 548 2459; x_wconf 64' lang='lat' dir='ltr'><strong>Graecos-numine</strong></span> <span class='ocrx_word' id='word_1_153' title='bbox 562 2379 687 2466; x_wconf 90' lang='lat' dir='ltr'><strong>quidem</strong></span> <span class='ocrx_word' id='word_1_154' title='bbox 704 2379 817 2458; x_wconf 83' lang='lat' dir='ltr'><strong>afflato,</strong></span> <span class='ocrx_word' id='word_1_155' title='bbox 833 2381 888 2447; x_wconf 91' lang='lat' dir='ltr'><strong>sed</strong></span> <span class='ocrx_word' id='word_1_156' title='bbox 902 2395 1006 2450; x_wconf 87' lang='lat' dir='ltr'><strong>temen</strong></span> 
     </span>
    </p>

    <p class='ocr_par' dir='ltr' id='par_1_19' title="bbox 106 2467 645 2556">
     <span class='ocr_line' id='line_1_26' title="bbox 106 2467 645 2556; baseline -0.013 -18"><span class='ocrx_word' id='word_1_157' title='bbox 106 2473 276 2556; x_wconf 82' lang='lat' dir='ltr'><strong>Tantisper</strong></span> <span class='ocrx_word' id='word_1_158' title='bbox 289 2493 309 2534; x_wconf 89' lang='lat' dir='ltr'><strong>a</strong></span> <span class='ocrx_word' id='word_1_159' title='bbox 321 2468 429 2533; x_wconf 85' lang='lat' dir='ltr'><strong>furore</strong></span> <span class='ocrx_word' id='word_1_160' title='bbox 441 2467 645 2544; x_wconf 85' lang='lat' dir='ltr'><strong>desistam,-</strong></span> 
     </span>
    </p>

    <p class='ocr_par' dir='ltr' id='par_1_20' title="bbox 103 2551 994 2644">
     <span class='ocr_line' id='line_1_27' title="bbox 103 2551 994 2644; baseline -0.002 -22"><span class='ocrx_word' id='word_1_161' title='bbox 103 2558 174 2636; x_wconf 80' lang='lat' dir='ltr'><strong>Qui</strong></span> <span class='ocrx_word' id='word_1_162' title='bbox 187 2567 318 2644; x_wconf 90' lang='lat' dir='ltr'><strong>propter</strong></span> <span class='ocrx_word' id='word_1_163' title='bbox 331 2576 427 2620; x_wconf 86' lang='lat' dir='ltr'><strong>unam</strong></span> <span class='ocrx_word' id='word_1_164' title='bbox 444 2551 606 2618; x_wconf 88' lang='lat' dir='ltr'><strong>mulierem</strong></span> <span class='ocrx_word' id='word_1_165' title='bbox 620 2564 652 2618; x_wconf 91' lang='lat' dir='ltr'><strong>et</strong></span> <span class='ocrx_word' id='word_1_166' title='bbox 666 2575 766 2618; x_wconf 87' lang='lat' dir='ltr'><strong>uuum</strong></span> <span class='ocrx_word' id='word_1_167' title='bbox 780 2553 994 2634; x_wconf 86' lang='lat' dir='ltr'><strong>concubitum,</strong></span> 
     </span>
    </p>

    <p class='ocr_par' dir='ltr' id='par_1_21' title="bbox 106 2637 1057 2728">
     <span class='ocr_line' id='line_1_28' title="bbox 106 2637 1057 2728; baseline -0.008 -19"><span class='ocrx_word' id='word_1_168' title='bbox 106 2643 245 2711; x_wconf 75' lang='lat' dir='ltr'><strong>Helene</strong></span> <span class='ocrx_word' id='word_1_169' title='bbox 260 2653 435 2728; x_wconf 69' lang='lat' dir='ltr'><strong>quaerentes</strong></span> <span class='ocrx_word' id='word_1_170' title='bbox 449 2639 628 2704; x_wconf 88' lang='lat' dir='ltr'><strong>innumeros</strong></span> <span class='ocrx_word' id='word_1_171' title='bbox 643 2637 856 2724; x_wconf 85' lang='lat' dir='ltr'><strong>perdiderunt.</strong></span> <span class='ocrx_word' id='word_1_172' title='bbox 1052 2707 1057 2721; x_wconf 32' lang='lat'>⁸</span> 
     </span>
    </p>

    <p class='ocr_par' dir='ltr' id='par_1_22' title="bbox 101 2724 1102 2814">
     <span class='ocr_line' id='line_1_29' title="bbox 101 2724 1102 2814; baseline -0.005 -20"><span class='ocrx_word' id='word_1_173' title='bbox 101 2733 178 2814; x_wconf 89' lang='lat' dir='ltr'><strong>lpse</strong></span> <span class='ocrx_word' id='word_1_174' title='bbox 191 2750 266 2793; x_wconf 81' lang='lat' dir='ltr'><strong>vero</strong></span> <span class='ocrx_word' id='word_1_175' title='bbox 279 2730 402 2812; x_wconf 81' lang='lat' dir='ltr'><strong>sapiens</strong></span> <span class='ocrx_word' id='word_1_176' title='bbox 415 2725 468 2790; x_wconf 91' lang='lat' dir='ltr'><strong>ille</strong></span> <span class='ocrx_word' id='word_1_177' title='bbox 482 2726 652 2809; x_wconf 88' lang='lat' dir='ltr'><strong>imperator</strong></span> <span class='ocrx_word' id='word_1_178' title='bbox 667 2744 726 2809; x_wconf 89' lang='lat' dir='ltr'><strong>pro</strong></span> <span class='ocrx_word' id='word_1_179' title='bbox 740 2724 962 2790; x_wconf 76' lang='lat' dir='ltr'><strong>inimicissimis</strong></span> <span class='ocrx_word' id='word_1_180' title='bbox 1038 2735 1102 2798; x_wconf 82' lang='grc'><strong>370</strong></span> 
     </span>
    </p>

    <p class='ocr_par' dir='ltr' id='par_1_23' title="bbox 103 2809 848 2893">
     <span class='ocr_line' id='line_1_30' title="bbox 103 2809 848 2893; baseline -0.013 -10"><span class='ocrx_word' id='word_1_181' title='bbox 103 2815 253 2884; x_wconf 88' lang='lat' dir='ltr'><strong>Perdidit</strong></span> <span class='ocrx_word' id='word_1_182' title='bbox 266 2811 459 2889; x_wconf 79' lang='lat' dir='ltr'><strong>charissimo,</strong></span> <span class='ocrx_word' id='word_1_183' title='bbox 473 2809 660 2875; x_wconf 84' lang='lat' dir='ltr'><strong>domesticas</strong></span> <span class='ocrx_word' id='word_1_184' title='bbox 673 2809 848 2893; x_wconf 84' lang='lat' dir='ltr'><strong>voluptates</strong></span> 
     </span>
    </p>

    <p class='ocr_par' dir='ltr' id='par_1_24' title="bbox 100 2893 1012 2981">
     <span class='ocr_line' id='line_1_31' title="bbox 100 2893 1012 2981; baseline -0.007 -11"><span class='ocrx_word' id='word_1_185' title='bbox 100 2905 233 2970; x_wconf 81' lang='lat' dir='ltr'><strong>Suomm</strong></span> <span class='ocrx_word' id='word_1_186' title='bbox 247 2899 419 2966; x_wconf 87' lang='lat' dir='ltr'><strong>liberorum</strong></span> <span class='ocrx_word' id='word_1_187' title='bbox 434 2897 512 2962; x_wconf 88' lang='lat' dir='ltr'><strong>dans</strong></span> <span class='ocrx_word' id='word_1_188' title='bbox 525 2917 578 2960; x_wconf 75' lang='lat' dir='ltr'><strong>mco</strong></span> <span class='ocrx_word' id='word_1_189' title='bbox 590 2893 681 2960; x_wconf 83' lang='lat' dir='ltr'><strong>fratri</strong></span> <span class='ocrx_word' id='word_1_190' title='bbox 694 2909 824 2981; x_wconf 88' lang='lat' dir='ltr'><strong>propter</strong></span> <span class='ocrx_word' id='word_1_191' title='bbox 839 2897 1012 2976; x_wconf 88' lang='lat' dir='ltr'><strong>mulierem,</strong></span> 
     </span>
    </p>

    <p class='ocr_par' dir='ltr' id='par_1_25' title="bbox 101 2980 1104 3138">
     <span class='ocr_line' id='line_1_32' title="bbox 101 2980 1104 3076; baseline -0.003 -21"><span class='ocrx_word' id='word_1_192' title='bbox 101 2989 210 3076; x_wconf 90' lang='lat' dir='ltr'><strong>quue</strong></span> <span class='ocrx_word' id='word_1_193' title='bbox 221 2996 345 3074; x_wconf 85' lang='lat' dir='ltr'><strong>propter</strong></span> <span class='ocrx_word' id='word_1_194' title='bbox 362 3005 443 3061; x_wconf 82' lang='lat' dir='ltr'><strong>eam,</strong></span> <span class='ocrx_word' id='word_1_195' title='bbox 459 3004 531 3069; x_wconf 83' lang='lat' dir='ltr'><strong>quae</strong></span> <span class='ocrx_word' id='word_1_196' title='bbox 552 2980 660 3046; x_wconf 81' lang='lat' dir='ltr'><strong>volens</strong></span> <span class='ocrx_word' id='word_1_197' title='bbox 680 3001 744 3046; x_wconf 87' lang='lat' dir='ltr'><strong>non</strong></span> <span class='ocrx_word' id='word_1_198' title='bbox 768 2994 872 3046; x_wconf 71' lang='lat' dir='ltr'><strong>summ</strong></span> <span class='ocrx_word' id='word_1_199' title='bbox 894 2985 1036 3069; x_wconf 83' lang='lat' dir='ltr'><strong>pervim</strong></span> <span class='ocrx_word' id='word_1_200' title='bbox 1057 2999 1104 3052; x_wconf 88' lang='lat' dir='ltr'><strong>ert</strong></span> 
     </span>
     <span class='ocr_line' id='line_1_33' title="bbox 193 3085 293 3138; baseline -0.01 -1"><span class='ocrx_word' id='word_1_201' title='bbox 193 3096 230 3138; x_wconf 90' lang='lat' dir='ltr'><strong>ra</strong></span> <span class='ocrx_word' id='word_1_202' title='bbox 253 3085 293 3138; x_wconf 83' lang='lat' dir='ltr'><strong>tu.</strong></span> 
     </span>
    </p>

    <p class='ocr_par' dir='ltr' id='par_1_26' title="bbox 99 3094 922 3245">
     <span class='ocr_line' id='line_1_34' title="bbox 99 3094 922 3245; baseline -0.007 -19"><span class='ocrx_word' id='word_1_203' title='bbox 99 3161 149 3226; x_wconf 89' lang='lat' dir='ltr'><strong>Et</strong></span> <span class='ocrx_word' id='word_1_204' title='bbox 163 3094 332 3245; x_wconf 52' lang='lat' dir='ltr'><strong>postzuam</strong></span> <span class='ocrx_word' id='word_1_205' title='bbox 347 3167 501 3222; x_wconf 81' lang='lat' dir='ltr'><strong>venerunt</strong></span> <span class='ocrx_word' id='word_1_206' title='bbox 515 3155 556 3220; x_wconf 87' lang='lat' dir='ltr'><strong>ad</strong></span> <span class='ocrx_word' id='word_1_207' title='bbox 568 3152 656 3222; x_wconf 87' lang='lat' dir='ltr'><strong>littus</strong></span> <span class='ocrx_word' id='word_1_208' title='bbox 671 3155 922 3234; x_wconf 62' lang='lat' dir='ltr'><strong>Scamandrhm,</strong></span> 
     </span>
    </p>

    <p class='ocr_par' dir='ltr' id='par_1_27' title="bbox 98 3238 739 3328">
     <span class='ocr_line' id='line_1_35' title="bbox 98 3238 739 3328; baseline -0.011 -17"><span class='ocrx_word' id='word_1_209' title='bbox 98 3247 288 3323; x_wconf 86' lang='lat' dir='ltr'><strong>Perierunt,</strong></span> <span class='ocrx_word' id='word_1_210' title='bbox 296 3265 363 3308; x_wconf 90' lang='lat' dir='ltr'><strong>uon</strong></span> <span class='ocrx_word' id='word_1_211' title='bbox 377 3255 470 3308; x_wconf 83' lang='lat' dir='ltr'><strong>terrae</strong></span> <span class='ocrx_word' id='word_1_212' title='bbox 485 3238 602 3306; x_wconf 86' lang='lat' dir='ltr'><strong>finibus</strong></span> <span class='ocrx_word' id='word_1_213' title='bbox 615 3241 739 3328; x_wconf 81' lang='lat' dir='ltr'><strong>privati,</strong></span> 
     </span>
    </p>

    <p class='ocr_par' dir='ltr' id='par_1_28' title="bbox 96 3326 925 3414">
     <span class='ocr_line' id='line_1_36' title="bbox 96 3326 925 3414; baseline -0.011 -15"><span class='ocrx_word' id='word_1_214' title='bbox 96 3337 176 3399; x_wconf 85' lang='lat' dir='ltr'><strong>Aut</strong></span> <span class='ocrx_word' id='word_1_215' title='bbox 191 3329 327 3396; x_wconf 77' lang='lat' dir='ltr'><strong>altiturri</strong></span> <span class='ocrx_word' id='word_1_216' title='bbox 340 3327 458 3414; x_wconf 82' lang='lat' dir='ltr'><strong>patriar</strong></span> <span class='ocrx_word' id='word_1_217' title='bbox 482 3327 573 3403; x_wconf 85' lang='lat' dir='ltr'><strong>Quor</strong></span> <span class='ocrx_word' id='word_1_218' title='bbox 587 3349 662 3392; x_wconf 83' lang='lat' dir='ltr'><strong>vero</strong></span> <span class='ocrx_word' id='word_1_219' title='bbox 677 3326 768 3391; x_wconf 82' lang='lat' dir='ltr'><strong>Mers</strong></span> <span class='ocrx_word' id='word_1_220' title='bbox 782 3328 925 3413; x_wconf 86' lang='lat' dir='ltr'><strong>peremit,</strong></span> 
     </span>
    </p>

    <p class='ocr_par' dir='ltr' id='par_1_29' title="bbox 97 3413 918 3501">
     <span class='ocr_line' id='line_1_37' title="bbox 97 3413 918 3501; baseline -0.006 -18"><span class='ocrx_word' id='word_1_221' title='bbox 97 3419 182 3484; x_wconf 89' lang='lat' dir='ltr'><strong>Non</strong></span> <span class='ocrx_word' id='word_1_222' title='bbox 198 3416 347 3481; x_wconf 82' lang='lat' dir='ltr'><strong>viderunt</strong></span> <span class='ocrx_word' id='word_1_223' title='bbox 360 3415 487 3490; x_wconf 89' lang='lat' dir='ltr'><strong>liberos,</strong></span> <span class='ocrx_word' id='word_1_224' title='bbox 501 3435 604 3500; x_wconf 89' lang='lat' dir='ltr'><strong>neque</strong></span> <span class='ocrx_word' id='word_1_225' title='bbox 617 3414 758 3501; x_wconf 77' lang='lat' dir='ltr'><strong>conjugis</strong></span> <span class='ocrx_word' id='word_1_226' title='bbox 773 3413 918 3479; x_wconf 82' lang='lat' dir='ltr'><strong>menibus</strong></span> 
     </span>
    </p>

    <p class='ocr_par' dir='ltr' id='par_1_30' title="bbox 94 3499 901 3587">
     <span class='ocr_line' id='line_1_38' title="bbox 94 3499 901 3587; baseline -0.004 -19"><span class='ocrx_word' id='word_1_227' title='bbox 94 3503 260 3568; x_wconf 86' lang='lat' dir='ltr'><strong>Vestibus</strong></span> <span class='ocrx_word' id='word_1_228' title='bbox 274 3500 407 3566; x_wconf 84' lang='lat' dir='ltr'><strong>involuti</strong></span> <span class='ocrx_word' id='word_1_229' title='bbox 421 3513 504 3577; x_wconf 85' lang='lat' dir='ltr'><strong>sunt,</strong></span> <span class='ocrx_word' id='word_1_230' title='bbox 520 3500 575 3564; x_wconf 88' lang='lat' dir='ltr'><strong>sed</strong></span> <span class='ocrx_word' id='word_1_231' title='bbox 590 3500 623 3563; x_wconf 89' lang='lat' dir='ltr'><strong>in</strong></span> <span class='ocrx_word' id='word_1_232' title='bbox 636 3499 803 3587; x_wconf 82' lang='lat' dir='ltr'><strong>peregrina</strong></span> <span class='ocrx_word' id='word_1_233' title='bbox 818 3515 901 3566; x_wconf 85' lang='lat' dir='ltr'><strong>terra</strong></span> 
     </span>
    </p>

    <p class='ocr_par' dir='ltr' id='par_1_31' title="bbox 89 3585 934 3656">
     <span class='ocr_line' id='line_1_39' title="bbox 89 3585 934 3656; baseline -0.007 0"><span class='ocrx_word' id='word_1_234' title='bbox 89 3591 233 3656; x_wconf 88' lang='lat' dir='ltr'><strong>Jaceut.</strong></span> <span class='ocrx_word' id='word_1_235' title='bbox 278 3587 381 3653; x_wconf 91' lang='lat' dir='ltr'><strong>Porro</strong></span> <span class='ocrx_word' id='word_1_236' title='bbox 394 3607 444 3650; x_wconf 88' lang='lat' dir='ltr'><strong>res</strong></span> <span class='ocrx_word' id='word_1_237' title='bbox 458 3585 638 3651; x_wconf 74' lang='lat' dir='ltr'><strong>domesticae</strong></span> <span class='ocrx_word' id='word_1_238' title='bbox 653 3585 702 3649; x_wconf 90' lang='lat' dir='ltr'><strong>his</strong></span> <span class='ocrx_word' id='word_1_239' title='bbox 716 3585 830 3650; x_wconf 85' lang='lat' dir='ltr'><strong>similes</strong></span> <span class='ocrx_word' id='word_1_240' title='bbox 844 3598 934 3651; x_wconf 82' lang='lat' dir='ltr'><strong>sunt:</strong></span> 
     </span>
    </p>

    <p class='ocr_par' dir='ltr' id='par_1_32' title="bbox 94 3669 1190 3836">
     <span class='ocr_line' id='line_1_40' title="bbox 94 3669 1106 3753; baseline -0.004 -10"><span class='ocrx_word' id='word_1_241' title='bbox 94 3677 192 3743; x_wconf 80' lang='lat' dir='ltr'><strong>Nam</strong></span> <span class='ocrx_word' id='word_1_242' title='bbox 218 3673 323 3738; x_wconf 80' lang='lat' dir='ltr'><strong>viduae</strong></span> <span class='ocrx_word' id='word_1_243' title='bbox 346 3671 573 3753; x_wconf 85' lang='lat' dir='ltr'><strong>moriebantur,</strong></span> <span class='ocrx_word' id='word_1_244' title='bbox 588 3672 639 3736; x_wconf 86' lang='lat' dir='ltr'><strong>alii</strong></span> <span class='ocrx_word' id='word_1_245' title='bbox 662 3693 737 3736; x_wconf 87' lang='lat' dir='ltr'><strong>vero</strong></span> <span class='ocrx_word' id='word_1_246' title='bbox 750 3669 820 3736; x_wconf 91' lang='lat' dir='ltr'><strong>orbi</strong></span> <span class='ocrx_word' id='word_1_247' title='bbox 843 3673 875 3736; x_wconf 91' lang='lat' dir='ltr'><strong>in</strong></span> <span class='ocrx_word' id='word_1_248' title='bbox 896 3671 1017 3738; x_wconf 68' lang='lat' dir='ltr'><strong>edibus</strong></span> <span class='ocrx_word' id='word_1_249' title='bbox 1040 3696 1106 3739; x_wconf 86' lang='lat' dir='ltr'><strong>ms-</strong></span> 
     </span>
     <span class='ocr_line' id='line_1_41' title="bbox 191 3761 1190 3836; baseline 0.002 -12"><span class='ocrx_word' id='word_1_250' title='bbox 191 3761 321 3836; x_wconf 87' lang='lat' dir='ltr'><strong>nebsnt,</strong></span> <span class='ocrx_word' id='word_1_251' title='bbox 1042 3769 1105 3826; x_wconf 78' lang='lat'><strong>880</strong></span> <span class='ocrx_word' id='word_1_252' title='bbox 1188 3775 1190 3782; x_wconf 87' lang='lat'>&#39;</span> 
     </span>
    </p>

    <p class='ocr_par' dir='ltr' id='par_1_33' title="bbox 91 3841 964 3930">
     <span class='ocr_line' id='line_1_42' title="bbox 91 3841 964 3930; baseline -0.007 -16"><span class='ocrx_word' id='word_1_253' title='bbox 91 3848 243 3914; x_wconf 84' lang='lat' dir='ltr'><strong>Frustra</strong></span> <span class='ocrx_word' id='word_1_254' title='bbox 256 3844 424 3910; x_wconf 83' lang='lat' dir='ltr'><strong>educentes</strong></span> <span class='ocrx_word' id='word_1_255' title='bbox 438 3844 571 3920; x_wconf 79' lang='lat' dir='ltr'><strong>liberos3</strong></span> <span class='ocrx_word' id='word_1_256' title='bbox 594 3865 696 3930; x_wconf 83' lang='lat' dir='ltr'><strong>neque</strong></span> <span class='ocrx_word' id='word_1_257' title='bbox 711 3842 750 3907; x_wconf 85' lang='lat' dir='ltr'><strong>sd</strong></span> <span class='ocrx_word' id='word_1_258' title='bbox 764 3841 964 3929; x_wconf 81' lang='lat' dir='ltr'><strong>sepulchrum</strong></span> 
     </span>
    </p>

    <p class='ocr_par' dir='ltr' id='par_1_34' title="bbox 89 3929 926 4018">
     <span class='ocr_line' id='line_1_43' title="bbox 89 3929 926 4018; baseline -0.006 -20"><span class='ocrx_word' id='word_1_259' title='bbox 89 3933 108 3998; x_wconf 94' lang='lat'>1</span> <span class='ocrx_word' id='word_1_260' title='bbox 139 3933 187 3996; x_wconf 85' lang='lat' dir='ltr'><strong>ris</strong></span> <span class='ocrx_word' id='word_1_261' title='bbox 203 3945 253 3998; x_wconf 88' lang='lat' dir='ltr'><strong>est</strong></span> <span class='ocrx_word' id='word_1_262' title='bbox 266 3931 318 4018; x_wconf 82' lang='lat' dir='ltr'><strong>qu&#39;</strong></span> <span class='ocrx_word' id='word_1_263' title='bbox 357 3951 431 3996; x_wconf 85' lang='lat' dir='ltr'><strong>uam</strong></span> <span class='ocrx_word' id='word_1_264' title='bbox 445 3929 500 4018; x_wconf 90' lang='lat' dir='ltr'><strong>qui</strong></span> <span class='ocrx_word' id='word_1_265' title='bbox 515 3930 699 4017; x_wconf 80' lang='lat' dir='ltr'><strong>sauguinem</strong></span> <span class='ocrx_word' id='word_1_266' title='bbox 713 3942 806 3995; x_wconf 81' lang='lat' dir='ltr'><strong>terne</strong></span> <span class='ocrx_word' id='word_1_267' title='bbox 819 3929 926 3994; x_wconf 86' lang='lat' dir='ltr'><strong>donet.</strong></span> 
     </span>
    </p>

    <p class='ocr_par' dir='ltr' id='par_1_35' title="bbox 87 3955 835 4104">
     <span class='ocr_line' id='line_1_44' title="bbox 87 3955 835 4104; baseline -0.003 -22"><span class='ocrx_word' id='word_1_268' title='bbox 87 3955 270 4104; x_wconf 42' lang='lat' dir='ltr'><strong>§puidam</strong></span> <span class='ocrx_word' id='word_1_269' title='bbox 285 4018 337 4083; x_wconf 89' lang='lat' dir='ltr'><strong>lau</strong></span> <span class='ocrx_word' id='word_1_270' title='bbox 360 4039 409 4082; x_wconf 91' lang='lat' dir='ltr'><strong>em</strong></span> <span class='ocrx_word' id='word_1_271' title='bbox 425 4016 495 4082; x_wconf 80' lang='lat' dir='ltr'><strong>baec</strong></span> <span class='ocrx_word' id='word_1_272' title='bbox 509 4015 668 4102; x_wconf 89' lang='lat' dir='ltr'><strong>expeditio</strong></span> <span class='ocrx_word' id='word_1_273' title='bbox 685 4028 835 4080; x_wconf 87' lang='lat' dir='ltr'><strong>meretur:</strong></span> 
     </span>
    </p>

    <p class='ocr_par' dir='ltr' id='par_1_36' title="bbox 85 4100 933 4189">
     <span class='ocr_line' id='line_1_45' title="bbox 85 4100 933 4189; baseline -0.007 -18"><span class='ocrx_word' id='word_1_274' title='bbox 85 4105 233 4170; x_wconf 78' lang='lat' dir='ltr'><strong>Tacere</strong></span> <span class='ocrx_word' id='word_1_275' title='bbox 248 4104 359 4168; x_wconf 87' lang='lat' dir='ltr'><strong>melius</strong></span> <span class='ocrx_word' id='word_1_276' title='bbox 372 4113 418 4167; x_wconf 84' lang='lat' dir='ltr'><strong>est</strong></span> <span class='ocrx_word' id='word_1_277' title='bbox 433 4103 547 4187; x_wconf 87' lang='lat' dir='ltr'><strong>turpia,</strong></span> <span class='ocrx_word' id='word_1_278' title='bbox 563 4123 666 4189; x_wconf 85' lang='lat' dir='ltr'><strong>neque</strong></span> <span class='ocrx_word' id='word_1_279' title='bbox 681 4102 730 4166; x_wconf 84' lang='lat' dir='ltr'><strong>vel</strong></span> <span class='ocrx_word' id='word_1_280' title='bbox 746 4100 842 4168; x_wconf 83' lang='lat' dir='ltr'><strong>Mure</strong></span> <span class='ocrx_word' id='word_1_281' title='bbox 856 4101 933 4166; x_wconf 89' lang='lat' dir='ltr'><strong>mihi</strong></span> 
     </span>
    </p>

    <p class='ocr_par' dir='ltr' id='par_1_37' title="bbox 83 4189 574 4278">
     <span class='ocr_line' id='line_1_46' title="bbox 83 4189 574 4278; baseline -0.008 -22"><span class='ocrx_word' id='word_1_282' title='bbox 83 4192 236 4268; x_wconf 62' lang='lat' dir='ltr'><strong>Canta,</strong></span> <span class='ocrx_word' id='word_1_283' title='bbox 252 4213 325 4278; x_wconf 79' lang='lat' dir='ltr'><strong>qum</strong></span> <span class='ocrx_word' id='word_1_284' title='bbox 339 4189 446 4254; x_wconf 86' lang='lat' dir='ltr'><strong>laudet</strong></span> <span class='ocrx_word' id='word_1_285' title='bbox 460 4191 574 4273; x_wconf 85' lang='lat' dir='ltr'><strong>turpia.</strong></span> 
     </span>
    </p>

    <p class='ocr_par' dir='ltr' id='par_1_38' title="bbox 77 4274 1098 4365">
     <span class='ocr_line' id='line_1_47' title="bbox 77 4274 1098 4365; baseline -0.002 -22"><span class='ocrx_word' id='word_1_286' title='bbox 77 4277 123 4343; x_wconf 86' lang='lat' dir='ltr'>T</span> <span class='ocrx_word' id='word_1_287' title='bbox 122 4275 243 4365; x_wconf 79' lang='lat' dir='ltr'><strong>rojeni</strong></span> <span class='ocrx_word' id='word_1_288' title='bbox 259 4297 333 4342; x_wconf 84' lang='lat' dir='ltr'><strong>vero</strong></span> <span class='ocrx_word' id='word_1_289' title='bbox 346 4275 483 4362; x_wconf 88' lang='lat' dir='ltr'><strong>primum</strong></span> <span class='ocrx_word' id='word_1_290' title='bbox 499 4275 635 4361; x_wconf 81' lang='lat' dir='ltr'><strong>quidem,</strong></span> <span class='ocrx_word' id='word_1_291' title='bbox 651 4297 723 4360; x_wconf 82' lang='lat' dir='ltr'><strong>quoe</strong></span> <span class='ocrx_word' id='word_1_292' title='bbox 737 4274 948 4360; x_wconf 82' lang='lat' dir='ltr'><strong>pulcherrima</strong></span> <span class='ocrx_word' id='word_1_293' title='bbox 961 4274 1030 4341; x_wconf 84' lang='lat' dir='ltr'><strong>leus</strong></span> <span class='ocrx_word' id='word_1_294' title='bbox 1040 4287 1098 4354; x_wconf 83' lang='lat' dir='ltr'><strong>ert,</strong></span> 
     </span>
    </p>
   </div>
   <div class='ocr_carea' id='block_1_4' title="bbox 0 0 1392 4864">
    <p class='ocr_par' dir='ltr' id='par_1_39' title="bbox 0 0 1392 4864">
     <span class='ocr_line' id='line_1_48' title="bbox 0 0 1392 4864; baseline 0 12"><span class='ocrx_word' id='word_1_295' title='bbox 0 0 1392 4864; x_wconf 95' lang='lat' dir='ltr'><strong> </strong></span> 
     </span>
    </p>
   </div>
  </div>
 </body>
</html>
