2824 4860
239 705 971 920 nomime

294 1013 839 1270 ‘rflmurssm

507 1389 700 1436 *-

70 1630 195 1729 100.ss
211 1655 297 1732 QU1
312 1677 397 1722 secus
410 1655 492 1722 viem
507 1656 578 1720 oreli
591 1677 649 1742 per
663 1659 912 1726 constellationes

147 1745 191 1811 Et
205 1744 238 1808 in
254 1741 520 1808 aureo-febriente
534 1742 622 1808 sedes
635 1743 745 1823 rhode,

121 1889 125 1898 .
148 1831 216 1910 Sol,
229 1830 360 1894 volvens
373 1828 533 1896 flsmutotu
544 1829 701 1895 oeieribu
715 1832 813 1934 spuis,

148 1918 254 1995 Quum
262 1915 427 1982 'infelicem
443 1913 564 1980 Thebis
578 1936 617 1980 eo
630 1930 699 1981 tum
714 1917 767 1982 dte
845 1973 847 1980 ,

148 2003 286 2070 Rodium
303 2001 470 2079 immisisti,
488 2001 629 2067 Cadmus
642 2001 772 2088 quanio
784 2002 918 2068 venitin
931 2013 1049 2070 terrent

148 2091 258 2167 Hune,
273 2087 454 2175 relinquens
466 2087 667 2154 Phoenieiom
680 2090 843 2178 regionem
858 2089 939 2155 meri
954 2091 1106 2156 uinctum:

147 2179 211 2248 Qui
268 2174 387 2240 ondam
400 2175 519 2240 duoerss
535 2173 749 2240 Harmoniam
764 2175 861 2245 filiam
877 2173 1011 2242 Veneris

148 2263 226 2351 Poly
251 2284 343 2326 orum
358 2262 536 2352 genuinex
552 2262 612 2326 boc
626 2255 811 2328 hbdseum
1146 2264 1150 2279 '

148 2349 272 2416 Dicunt
286 2361 413 2412 notum:
435 2369 478 2412 ex
490 2369 529 2412 oo
544 2367 621 2412 vero
634 2347 761 2414 Loium.

148 2434 498 2525 Eguverovooorfilie
512 2431 684 2512 Menoeuei,
1104 2443 1144 2501 10

149 2521 193 2588 Et
207 2522 315 2588 Creon
328 2520 427 2586 freter
439 2533 532 2586 ustus
547 2533 595 2586 est
609 2521 773 2586 ex‘eedem
786 2531 897 2586 mette.

149 2607 274 2674 Vocsnt
287 2629 362 2672 vero
376 2607 539 2672 Joosstem
554 2605 710 2672 mo-—hoo
723 2607 807 2672 enim
821 2625 938 2672 nomen
952 2619 1042 2693 puter

150 2693 407 2760 Inditis-duxit
422 2715 496 2758 sero
512 2715 563 2758 nte
576 2692 692 2758 Laius:
715 2715 788 2758 eum
803 2707 909 2758 nutem
924 2694 994 2759 siue
1006 2693 1113 2761 liberis

150 2779 251 2859 Esset,
264 2779 322 2845 diu
333 2777 455 2844 hubent
468 2779 663 2844 connubium
680 2801 784 2844 meum
800 2779 833 2844 in
848 2779 954 2857 domo,

149 2867 287 2933 Veniens
301 2866 476 2954 interroget
491 2865 664 2943 Phoebum,
679 2877 712 2930 et
725 2866 827 2952 posoit
839 2863 934 2930 simul

151 2953 339 3018 Liberorum
354 2952 386 3016 iu
402 2952 524 3018 oedibus
541 2951 752 3018 marmorum
766 2951 1034 3018 commonionem.

153 3039 209 3104 llle
221 3037 388 3124 respoudit
402 3041 452 3102 ei:
476 3037 509 3104 0
523 3059 581 3103 rex
595 3039 787 3124 equestrium
801 3037 998 3114 Thebarum,

150 3125 201 3192 Ne
214 3126 337 3191 semiue
350 3123 525 3189 liberorum
535 3125 660 3190 sulcum
675 3125 782 3190 invitis
796 3123 867 3192 diis.

153 3213 185 3278 Si
199 3213 284 3276 enim
364 3209 568 3290 nes-istium,
581 3211 752 3278 interficiet
766 3225 798 3276 te
810 3210 863 3276 iile
874 3211 929 3298 qui
943 3219 1029 3276 setus
1041 3209 1149 3291 fuerit,

152 3297 194 3363 Et
206 3311 276 3363 totu
311 3318 403 3362 omus
417 3310 471 3362 tuo
484 3297 543 3363 ibit
556 3319 614 3383 per
628 3298 823 3386 sanguinem.
1105 3303 1148 3363 20

152 3383 300 3449 illevero
313 3383 393 3448 dum
405 3406 440 3447 se
453 3384 619 3470 voluptati,
633 3398 665 3449 et
676 3383 858 3450 oonoedous
872 3383 1004 3448 insanin
1019 3381 1148 3462 Bocchi,

153 3471 324 3537 Semineeit
337 3469 430 3535 nobis
443 3469 560 3549 filium,
571 3483 604 3536 et
617 3491 690 3535 oum
705 3471 889 3536 seminasset
902 3467 1065 3549 infuntent,
1164 3485 1167 3490 '

154 3559 338 3645 Agnoscens
351 3571 490 3620 erratum
505 3567 536 3620 et
551 3557 613 3620 Dei
628 3555 803 3633 oraculum,

154 3642 191 3707 In
203 3656 330 3728 pratum
346 3643 493 3719 iunonis,
509 3654 541 3708 et
554 3642 680 3708 nonen
697 3641 888 3709 citheronis

153 3729 218 3794 Dot
231 3727 410 3816 pastoribus
424 3728 543 3814 exponi
557 3745 704 3814 puerum,

155 3813 290 3880 Fodiens
302 3813 421 3880 ferreos
434 3815 559 3881 eculeos
574 3837 631 3900 por
645 3814 725 3882 telos
738 3814 869 3892 medios,

156 3898 250 3966 Unde
261 3903 367 3986 ipsum
383 3901 512 3970 Gensis
526 3901 659 3968 vocebnt
674 3901 842 3986 OEdipum.

155 3985 266 4073 Polybi
282 4010 359 4052 sero
372 3995 512 4074 pestoiee
524 4009 689 4074 equorum,
704 3987 894 4074 nooipieutes
905 3998 1043 4071 puerum

154 4071 272 4139 Ferunt
285 4073 428 4155 domum,
443 4090 475 4140 et
489 4077 522 4140 iu
537 4075 805 4144 monundonriuoe

154 4156 346 4226 Posuerunt:
369 4162 439 4247 ipse
452 4183 531 4227 vero
541 4163 605 4228 mei
617 4160 779 4262 pererperii
792 4159 933 4226 laborem
944 4161 987 4245 (i.
998 4179 1025 4222 e.
1037 4155 1153 4238 filium)

154 4243 320 4312 Uberibus·
328 4247 472 4316 submisit
484 4259 520 4314 et
532 4271 592 4314 suo
602 4269 672 4315 vno
687 4246 854 4334 persuadet
867 4269 901 4314 se
914 4245 1084 4333 peperisse.
1111 4251 1149 4308 81
