2852 4862
266 209 329 268 884
644 196 972 265 EURIPIDIS

352 377 388 442 Si
403 390 480 440 rero‘
491 377 708 460 :diotempore
722 375 818 443 intem
875 373 974 442 tivum
988 383 1082 440 mcum
1187 385 1191 392 '

351 462 495 540 Factum,
510 472 565 524 aut
578 481 753 534 sermonem
768 481 809 524 cu
830 459 933 536 iveris,

350 547 492 614 Demitte
507 568 556 610 me
572 547 724 613 viventem
740 547 799 612 suh
813 559 948 612 terrem:

351 633 425 698 Non
440 635 600 716 deprecor.

264 743 346 788 uun.
352 720 462 796 Quare
475 718 541 784 istis
555 716 694 798 mineris,
708 719 820 803 etipse
834 717 987 784 burburus
1000 717 1125 782 herhuri

352 806 504 872 Animum
518 826 623 868 meum
638 803 784 889 decipere
797 805 930 881 conaris,
945 817 1073 870 nectens
1087 801 1265 870 sermones?
1278 811 1340 869 880

350 893 403 958 Tu
418 891 487 956 haec
501 889 616 956 fecisti:
640 892 795 956 nemiuem
813 890 997 975 recipiemus

256 1001 260 1012 ¹
349 979 465 1065 Neque
479 977 533 1126 :pi
548 976 725 1052 didicimus.
739 998 842 1062 neque
855 975 910 1061 qui
926 973 1080 1040 vulnerati
1094 997 1202 1056 rum,

350 1065 474 1134 Alium:
510 1085 592 1150 ongo
605 1074 638 1126 et
648 1063 750 1148 perite
764 1062 906 1126 oratione
920 1062 979 1127 tibi
992 1083 1073 1144 opus
1086 1075 1145 1137 est,

348 1150 425 1228 Quo
440 1147 516 1213 mihi
532 1149 729 1234 persuadeas,
745 1165 777 1214 te
790 1148 909 1214 etnicos
924 1166 988 1212 uon
1004 1147 1201 1224 interfecisse,

349 1237 512 1324 Equorum
528 1256 635 1299 umore
645 1249 784 1320 coptum,
798 1255 932 1321 quorum
948 1256 1039 1298 ceusu
1053 1234 1153 1298 socios

348 1322 438 1389 Tuos
452 1320 610 1397 interficis,
626 1342 698 1386 cum
713 1320 849 1386 multum
862 1319 1034 1384 obtestatus
1049 1320 1090 1384 sis
1100 1333 1136 1384 ut
1150 1320 1297 1384 venirent.

271 1439 275 1448 ·
348 1409 522 1486 Venerunt,
537 1407 699 1471 obiemnt:
720 1405 884 1472 honestius
900 1405 989 1474 Puris

349 1493 492 1579 Hospitii
511 1495 565 1642 Ius
588 1491 779 1558 dedecorans
803 1489 941 1573 violavit,
964 1513 1059 1577 quom
1089 1503 1135 1570 tu,
1162 1493 1216 1576 qui
1244 1491 1338 1557 socios

436 1581 518 1644 inter
529 1579 625 1644 ecieti.

348 1668 398 1733 Ne
412 1665 497 1732 dicus
511 1666 605 1744 enim,
621 1663 705 1750 quod
720 1663 831 1764 niiquis
846 1666 983 1752 Argivus
998 1667 1056 1730 imo
1068 1663 1236 1748 profectus,

349 1751 418 1818 Nos
428 1751 619 1838 perdiderit:
641 1752 711 1838 quis
724 1771 808 1814 enrm
824 1771 974 1836 supernus
987 1749 1132 1816 cohortes
1157 1767 1160 1774 '
1279 1757 1340 1816 840

348 1839 560 1923 Trojanorum
576 1837 618 1902 ud
632 1859 689 1902 nos
703 1837 847 1913 venisset,
862 1849 898 1900 ut
911 1837 1003 1902 etism
1019 1835 1152 1902 lateret?

347 1925 401 1990 Tu
416 1924 522 1990 sedisti
535 1935 607 1990 oute
617 1945 684 2001 nos,
700 1937 732 1987 et
749 1921 912 2008 Phrygum
926 1923 1096 1988 exercitus:

347 2009 429 2087 Quis
445 2032 518 2076 vero
531 2021 661 2076 vestr-rem
676 2008 854 2073 vulneratus
868 2006 938 2073 est?
959 2008 1028 2095 quis
1042 2009 1198 2074 sociorum
1213 2007 1291 2074 obiit

347 2095 543 2173 vestrorum,
560 2093 701 2159 hostibus
715 2093 966 2172 advenientibus,
982 2106 1017 2158 ut
1032 2107 1066 2159 tn
1080 2091 1183 2160 dicis?

347 2182 415 2248 Nos
430 2203 505 2246 vero
520 2181 675 2246 vulnerati
688 2200 805 2258 sumus,
822 2191 854 2244 et
892 2181 923 2244 ui
976 2179 1083 2245 aviore
1096 2179 1179 2244 :noio

348 2269 431 2334 Pessi
446 2283 531 2345 sunt,
546 2267 592 2331 itti
604 2287 669 2332 non
684 2265 790 2332 vident
803 2203 934 2350 ompiires
959 2287 1053 2331 umen
1069 2265 1152 2332 solis.

346 2355 534 2432 Insanum,
549 2353 666 2417 nemini
681 2353 868 2418 Grrecorurn
884 2354 1071 2419 incusemus.

347 2439 428 2516 Quis
441 2440 523 2504 enim
540 2437 679 2503 hostiurn
694 2451 789 2503 noctu
804 2437 920 2510 cubilia
1034 2477 1037 2482 ·

348 2524 444 2591 Rhesi
458 2525 616 2612 profectus
631 2526 688 2589 huc
700 2525 879 2604 invenisset,
895 2526 954 2590 nisi
968 2527 1038 2612 quis
1051 2526 1182 2592 deorum

344 2611 485 2679 Dixisset
499 2609 774 2678 interfectoribus?
794 2633 887 2697 quem
904 2634 944 2678 ne
957 2611 1121 2678 advenisse
1133 2612 1263 2701 quidem
1280 2625 1342 2682 850

347 2698 490 2764 Omnino
504 2712 675 2763 noverunt:
698 2720 774 2783 ergo
788 2697 858 2762 hrec
872 2695 1050 2764 commento
1063 2717 1149 2765 eunt.

261 2803 339 2850 nec.
348 2785 462 2873 Longo
471 2786 537 2872 jorn
552 2799 695 2870 tempore
708 2785 798 2850 sociis
812 2784 942 2861 utImur,
1037 2793 1044 2802 “

347 2872 477 2947 Quonto
490 2885 631 2957 tempore
646 2869 805 2936 Achaicus
819 2873 954 2957 popqus
969 2871 1000 2934 in
1013 2869 1072 2936 hac
1086 2885 1171 2938 terro
1184 2887 1242 2950 est,

348 2957 392 3024 Et
406 2956 446 3022 ab
460 2958 535 3043 ipsis
549 2956 674 3022 nullum
687 2956 837 3022 delictum
852 2956 917 3023 scio
930 2955 1007 3020 mihi
1023 2957 1200 3044 objectum:

349 3044 378 3107 A
393 3056 424 3108 te
438 3043 663 3129 inciperemus:
688 3065 750 3107 non
766 3064 817 3106 me
830 3043 957 3108 invrdat
971 3065 1060 3108 emor

346 3129 470 3194 Tantus
484 3151 647 3216 equorum,
663 3143 699 3194 ut
712 3129 831 3194 amicos
844 3129 1040 3194 interficiam.

348 3215 432 3280 Haec
447 3236 521 3279 vero
537 3213 766 3302 Ulyssessecit:
789 3217 859 3314 quis
873 3215 957 3280 enim
970 3214 1050 3280 elius
1065 3237 1205 3303 unquam
1220 3218 1288 3284 Im

348 3301 497 3380 Fecisset,
512 3314 567 3366 cut
581 3300 777 3366 machinatus
794 3301 908 3378 Iuisset,
923 3323 964 3366 ex
979 3302 1107 3389 Argivis
1121 3301 1195 3366 vir?

347 3385 462 3453 Metuo
475 3409 556 3452 eum.
602 3386 643 3452 Et
658 3387 802 3452 nonnihil
818 3390 924 3452 turbet
936 3387 1078 3454 animum
1092 3411 1209 3466 meum,

346 3473 398 3538 Ne
411 3473 490 3538 etin
505 3472 664 3539 Dolonem
680 3474 819 3538 incidens
835 3473 1024 3539 interfecerit
1038 3495 1113 3540 oon.
1280 3487 1347 3544 880

345 3559 413 3626 Diu
429 3561 510 3624 enim
521 3561 587 3645 jem
602 3559 698 3636 obest,
711 3575 742 3624 et
759 3580 913 3646 nusquam
928 3576 1068 3646 apparet.

260 3663 339 3709 uun
347 3646 421 3711 Non
435 3645 509 3710 novi
524 3659 605 3725 tuos,
618 3667 697 3733 qnos
711 3667 829 3726 nortus,
846 3645 991 3731 UIysees:

347 3733 414 3798 Nos
428 3753 505 3798 vero
518 3755 538 3796 e
552 3731 640 3796 nuIIo
653 3731 789 3797 hostium
846 3733 940 3798 rcussi
955 3753 1072 3797 sumus.

260 3818 399 3884 uncTu
413 3818 507 3906 igitur
521 3835 612 3904 putes
625 3819 693 3897 iste,
709 3841 791 3905 quen
816 3843 835 3882 o
849 3819 907 3882 tibi
921 3821 967 3884 ito
981 3818 1116 3882 videtur.

259 3904 378 3970 cuno
393 3905 601 3990 patriamne,
616 3903 778 3992 quomodo
791 3905 909 3968 moriar
922 3905 953 3970 in
970 3902 1020 3971 tei

260 4009 339 4054 unc.
347 3989 398 4055 Ne
411 4012 550 4056 morere:
572 3997 645 4056 setis
659 4013 774 4077 magne
788 3991 871 4054 enim
888 4007 1086 4056 mortuorum
1103 3989 1198 4055 turbe
1212 4001 1266 4056 cst.

259 4079 419 4147 uquuo
434 4099 507 4142 vero
522 4099 572 4142 me
586 4091 705 4143 vertum
720 4077 854 4142 dominis
869 4075 1019 4142 orbatus?

260 4181 338 4228 nno
349 4161 426 4228 Mes
440 4159 553 4230 domus
569 4164 722 4249 recipiens
736 4177 766 4230 te
782 4163 912 4228 curabit.

259 4267 340 4314 uun.
346 4249 517 4328 Quomodo
531 4273 605 4316 vero
618 4271 730 4316 merrus
743 4247 977 4316 interfecturum
992 4247 1153 4316 curabunt
1167 4246 1244 4314 me?
