2802 4858
635 170 965 246 EURIPIDIS

334 349 470 418 Adsum.
515 345 677 414 Advclntc
689 357 796 412 antem
810 345 964 431 pervices
977 343 1062 412 filios

332 434 541 523 Deplorabat,
556 433 684 523 lugebat
698 455 852 520 magnum
866 431 1008 506 laborem
1023 453 1156 500 suornm
1172 435 1288 502 uberum

336 524 487 600 Gemens,
501 533 533 586 ct
548 543 639 586 soror
652 541 753 586 eonem
766 540 872 586 cumea
886 520 994 585 matris
1010 517 1122 586 simul:
1376 566 1384 633 1

335 609 368 676 Ο
382 608 511 674 nutricii
525 607 695 672 senectutis
708 606 829 685 mattis,
846 605 878 670 0
893 626 1035 672 mearum
1051 609 1236 693 nuptiamm

335 695 518 762 Proditores
532 693 644 760 fratres
657 691 842 758 charissimi.
887 691 941 758 Ex
955 705 1082 778 pectore
1096 707 1206 782 autem
1250 700 1314 760 tem

334 777 464 850 Flatnin
478 781 623 847 emittens
637 777 797 845 difficilem
810 799 869 844 rex
883 777 1029 846 Eteoclea

334 867 466 936 Audivit
480 880 623 946 matrem,
639 879 673 932 et
684 867 851 967 perfigens
865 865 1031 932 humidam
1045 887 1191 950 mmm,

334 954 456 1020 Vocem
472 954 599 1041 quidem
615 975 681 1018 nou
696 952 807 1030 edidit,
822 952 931 1018 aeden
945 951 1044 1019 oculis

335 1041 490 1109 Salutavit
504 1063 574 1106 eam
587 1040 743 1129 lacrymis,
752 1052 797 1105 nt
810 1037 1002 1126 significaret
1014 1059 1169 1107 cmcrem.

334 1129 429 1199 ‚Unus
443 1150 519 1194 vcro
532 1127 637 1192 adhuc
651 1127 802 1214 spitabat,
817 1126 1006 1213 intuensque
1017 1147 1172 1207 muntem,

335 1215 380 1280 Et
394 1236 490 1280 anum
504 1227 637 1281 matrem
656 1213 823 1300 Polynices
836 1211 908 1278 hmc
921 1212 1018 1278 distiti

337 1301 503 1378 Periimus,
520 1300 552 1365 0
566 1311 684 1365 mater:
706 1301 833 1366 miseret
846 1320 898 1364 me
912 1319 988 1364 vero
1002 1300 1049 1364 tui

336 1386 380 1452 Et
394 1387 510 1454 sorotis
523 1385 629 1474 hujus,
644 1399 676 1451 ct
688 1383 795 1450 fratris
807 1387 937 1450 mortni.

335 1473 465 1540 Amicus
480 1473 565 1537 enim
578 1471 678 1538 hostis
692 1470 793 1537 sactus
806 1484 863 1550 cst,
878 1471 933 1537 scd
948 1485 1055 1538 tamen
1069 1472 1192 1538 amicus
1205 1483 1259 1539 ent

338 1559 478 1645 Sepeliss
491 1581 567 1624 vcro
581 1581 643 1639 mc,
661 1557 693 1624 0
709 1572 821 1637 mater,
836 1570 868 1624 ct
882 1569 926 1635 tu,
943 1579 1043 1637 soror,
1256 1564 1324 1624 1460

337 1645 378 1712 In
393 1659 478 1712 tetra
490 1645 603 1732 patria,
617 1657 650 1710 et
664 1645 776 1710 urbem
788 1647 900 1711 iratam

337 1731 476 1811 Placete,
493 1741 529 1798 ut
541 1745 670 1798 eatenus
683 1735 790 1798 sulm
804 1752 978 1817 consequar

335 1819 471 1885 Terram
486 1819 630 1905 patriam,
646 1818 704 1885 etsi
719 1841 852 1906 reguum
869 1813 1005 1904 perdidi.
1100 1849 1110 1866 ·

337 1905 503 1992 Compone
516 1927 592 1970 vcro
606 1905 773 1992 palpebras
786 1927 871 1970 mens
886 1923 941 1969 tua
954 1921 1063 1982 mann,

336 1992 370 2056 Ο
383 1994 618 2077 meter—ponit
632 2005 738 2057 nutem
751 2011 820 2056 eam
835 1991 929 2055 simui
942 1989 1010 2075 ipse
1022 1989 1064 2055 ad
1077 1991 1190 2057 oculos
1202 2012 1308 2058 tucn·-

336 2076 380 2142 Et
394 2077 509 2142 valctct
528 2079 595 2164 jam
611 2078 694 2142 snitu
709 2077 899 2142 ciccundnnt
912 2097 963 2141 mc
977 2076 1129 2144 tenebrae.

335 2162 444 2227 Ambo
457 2175 562 2227 autem
576 2163 669 2228 simul
683 2163 913 2228 exhalaverunt
925 2164 1071 2228 mineram
1086 2164 1196 2230 vitam.

336 2247 445 2314 Mater
459 2270 544 2336 vero,
561 2262 726 2336 postquam
741 2250 822 2314 vidit
835 2249 919 2315 hanc
933 2250 1155 2328 calamitatem,

332 2334 545 2399 Vehementer
557 2335 667 2400 dolens
681 2336 787 2421 rapuit
800 2335 942 2425 gladium
956 2357 974 2400 e
987 2335 1151 2416 cadcvem,

334 2421 379 2486 Et
393 2420 468 2486 fecit
481 2421 618 2488 atrocia:
641 2445 714 2486 nam
730 2443 788 2507 per
803 2423 943 2488 madium
957 2435 1069 2523 guttur
1256 2428 1327 2490 1470

334 2507 449 2595 Adigit
462 2507 593 2587 serrum,
604 2509 687 2573 inter
700 2531 776 2574 veno
791 2531 864 2574 succ
878 2508 1078 2574 chanssmoa

335 2593 470 2659 Mortua
477 2594 573 2680 jacet,
589 2595 759 2680 complexa
771 2610 942 2683 utrumque
955 2594 1113 2661 manibus.
1179 2650 1187 2658 .

336 2680 487 2746 Surmxit
510 2693 616 2746 autem
638 2695 765 2748 erectus
784 2683 939 2748 exercitus
961 2683 994 2746 iu
1015 2683 1252 2752 contentionem
1273 2704 1328 2749 ner-

420 2787 518 2832 monn

334 2853 403 2918 Nos
419 2789 561 2940 quidex
575 2853 666 2956 quasi
679 2854 802 2920 vicisset
814 2854 963 2920 dontinus
976 2875 1074 2934 menn,

333 2939 387 3005 Ilii
401 2961 486 3018 accc,
526 2963 592 3006 unm
607 2941 696 3019 alter,
712 2952 782 3005 erat
793 2955 900 3006 autem
915 2943 1076 3006 contentio
1090 2941 1177 3007 inter
1190 2943 1293 3020 (luem,

333 3025 387 3092 Illi
402 3027 497 3104 enim,
540 3027 695 3114 olancem
710 3027 798 3111 prins
812 3027 930 3094 tet-iisse
942 3026 1036 3092 hasta
1048 3028 1211 3112 dicebant,

333 3113 873 3215 Hivcro,quodutr0quemott1m
889 3133 1043 3200 nusquam
1057 3115 1191 3181 victoria
1205 3127 1294 3182 esset.
1391 3161 1392 3206 p

333 3199 478 3279 [Interea
490 3219 566 3264 vern
581 3216 706 3266 recessit
721 3200 883 3289 Antigone
896 3200 1026 3266 seorsim
1041 3199 1086 3266 ab
1097 3205 1268 3285 exercitu]
1391 3209 1392 3260 l

333 3285 393 3350 Isti
407 3305 483 3436 ugo
497 3285 548 3386 pd
568 3307 656 3350 arma
673 3301 826 3353 ruerunt:
847 3288 930 3353 bene
950 3299 1055 3354 autem
1071 3289 1213 3375 quadam
1234 3287 1332 3380 pruvi-
1391 3313 1392 3368 1

459 3384 527 3437 atta

333 3456 528 3523 Consedcrat
541 3457 719 3524 Thebanus
733 3457 890 3524 exercitus
904 3457 937 3522 in
953 3458 1088 3547 clypcis:
1259 3469 1333 3530 1480

333 3541 377 3608 Et
391 3546 615 3610 antevertimns
630 3544 773 3610 nundum
788 3544 884 3610 armis
896 3557 1020 3631 septum
1391 3561 1392 3568 ’

333 3630 490 3715 Argivum
506 3632 691 3707 exercitum,
706 3632 862 3696 irruentes
876 3631 993 3696 subito.
1391 3681 1392 3690 ,

332 3713 377 3780 Et
387 3716 493 3782 nullus
504 3721 646 3801 mpetum
657 3729 789 3783 nnnnem
800 3718 963 3785 sustinuit:
982 3717 1336 3805 complevecueauten

333 3885 382 3950 Fu
407 3823 647 3967 'gilnegoiuebat
661 3901 765 3954 nutem
780 3889 910 3976 sanguis
919 3890 1092 3957 immensus
1106 3892 1309 3976 adiverunt,

334 3971 362 4036 C
405 3976 526 4040 entium
542 3974 652 4040 hmtis.
696 3973 744 4040 Ut
757 3987 863 4042 autem
877 3976 1010 4043 vicimus
1023 3995 1144 4067 pugna,

332 4057 399 4122 Alii
413 4061 542 4146 quidem
558 4073 735 4128 statuerunt
749 4064 929 4150 trophaeum
942 4064 1031 4130 invit
1040 4077 1195 4146 statuam,

333 4144 399 4210 Alii
414 4168 489 4212 vero
503 4159 656 4214 exuentes
669 4148 797 4233 clypeos
810 4151 1002 4238 Argimunm
1014 4147 1222 4232 'csdnvcrnam

332 4231 443 4316 Spolia
456 4233 540 4299 intra
553 4237 667 4302 urbem
678 4235 830 4300 misimus.
1048 4236 1054 4246 '
