2784 4864
242 185 281 244 14
625 163 961 247 sun1r1o1s'

320 352 492 501 {Ipsarum
506 373 526 414 a
540 349 669 425 Grecis,
685 350 740 415 sed
755 305 847 430 banc,
862 353 982 436 petivit.

241 457 318 502 nac.
401 459 476 500 vero
491 457 540 498 me
555 457 627 499 cum
643 435 708 501 lilia
722 437 816 502 simul
829 438 1007 520 interficite,

308 567 313 584 .
326 521 369 587 Et
383 523 431 588 bis
446 534 568 587 tantum
582 523 733 607 poculum
747 525 907 612 sanguinis
920 525 977 591 fiet

324 609 448 686 Terras,
462 620 652 694 mortuoque
665 608 737 674 brec
750 609 932 695 postulanti.

242 715 296 760 on.
327 696 410 760 Setis
425 694 538 780 puellm
552 707 616 759 tnae
630 715 716 760 mors
728 697 835 780 (tritt)
857 719 922 761 non
938 697 1084 763 addenda

325 781 396 847 Alia
410 781 451 846 ad
465 781 575 846 aliam:
598 782 718 846 aunam
734 805 793 847 nec
806 782 890 847 hanc
903 784 1101 850 deberemus.

240 867 441 956 aaadngens
479 866 583 932 uidem
597 867 764 932 necesitas
775 881 826 933 est
840 868 913 934 fllioe
926 872 1082 936 commori
1097 893 1159 936 me.

241 973 295 1019 ur..
325 953 433 1031 Quom
478 951 519 1018 oi
539 973 603 1016 non
619 955 703 1018 enirn
718 954 791 1019 novi
806 977 859 1019 me
871 957 1017 1021 domium
1031 957 1159 1022 habere.

241 1061 319 1107 nac.
328 1040 458 1118 Pariter,
474 1053 509 1104 ut
523 1038 642 1104 hedera
656 1041 795 1124 quercui,
810 1039 885 1107 huic
898 1042 1079 1108 adhaerebo.

241 1148 296 1192 ot..
324 1129 369 1191 At
381 1127 414 1191 id
428 1148 492 1191 non
509 1125 618 1190 iacies:
642 1126 669 1190 si
683 1126 781 1191 modo
794 1131 937 1212 pssumis
951 1143 983 1193 te
997 1130 1257 1216 sapientioribus.

241 1212 422 1280 nacHanc
436 1212 564 1299 quidem
580 1211 688 1276 volcas
702 1212 800 1277 liliam
815 1235 881 1279 non
896 1215 1065 1280 dimittam.

241 1321 296 1364 uc.
327 1299 390 1365 Sed
406 1319 508 1386 neque
594 1298 694 1384 ipsam
708 1297 790 1365 hanc
803 1300 900 1365 abibo
913 1301 967 1367 hic
980 1301 1173 1388 relinquens.

241 1385 439 1463 roaMater,
455 1405 549 1450 masau
562 1397 596 1450 ta
609 1384 706 1448 milti:
728 1397 761 1450 et
774 1397 820 1463 tu,
836 1385 883 1450 fili
897 1387 1033 1466 Laertie,

327 1471 503 1538 Remissior
514 1471 557 1536 sis
565 1470 749 1556 parentibus
757 1473 830 1558 jare
842 1475 1009 1541 commotis
1022 1473 1064 1539 ad
1078 1473 1171 1554 irunt,
1277 1489 1356 1546 400

326 1558 380 1623 Tu
394 1579 478 1635 vero,
495 1557 527 1623 Ο
541 1557 665 1634 misera,
680 1575 752 1622 curn
766 1559 938 1626 victoribus
951 1583 993 1627 oe
1003 1579 1128 1650 pugna.

326 1647 379 1709 An
394 1645 441 1709 via
455 1643 570 1708 cadere
583 1644 616 1707 in
631 1657 759 1723 terram,
775 1665 812 1710 ac
826 1641 965 1712 sauciare
980 1663 1071 1714 tnum

326 1730 431 1796 Senile
445 1751 560 1815 corpus
573 1749 630 1814 por
643 1729 707 1794 vim
721 1741 879 1818 protrusn,

325 1817 369 1882 Et
383 1817 566 1882 dedecorari
575 1816 709 1902 juvenili
724 1817 854 1882 brachio
897 1883 899 1898 ,

325 1901 467 1968 Avulsa?
488 1925 559 1988 quae
573 1903 720 1988 patieris:
742 1915 778 1968 tu
793 1925 866 1968 vero
882 1904 1030 1970 minime:
1053 1908 1220 1972 nonenim
1237 1909 1350 1976 dccet.

326 1989 400 2066 Sed,
417 1990 449 2054 Ο
463 1987 560 2054 mara
572 1988 652 2053 mihi
666 2001 776 2066 mater,
792 1990 1002 2058 dulcissimam
1015 2013 1145 2058 manum

324 2075 390 2154 De,
405 2089 437 2141 ct
449 2094 563 2164 genam
573 2076 710 2161 jungere
722 2097 831 2164 genter

325 2161 484 2239 Quoniam
501 2180 662 2248 nunquam
676 2162 803 2244 itemm,
817 2162 870 2228 sed
885 2180 971 2228 nunt
984 2177 1179 2249 postremum

323 2247 425 2314 iubar
439 2248 611 2336 orbemque
624 2248 699 2313 solis
711 2251 870 2335 aspiciam.

324 2335 437 2400 Finem
451 2335 560 2420 accipe
568 2337 635 2422 jam
650 2354 793 2400 mearum
807 2335 1097 2422 compellationum.
1274 2352 1349 2407 410

325 2421 357 2488 Ο
373 2433 481 2500 mater,
496 2422 530 2488 0
544 2443 616 2508 quae
629 2443 680 2486 me
693 2423 852 2508 peperisti,
867 2423 947 2486 abeo
961 2423 1002 2488 ad
1016 2423 1143 2489 inferos.

240 2527 316 2575 nnc.
325 2511 356 2574 Ο
369 2507 446 2589 filia,
459 2531 519 2573 nos
531 2529 606 2574 veto
621 2510 652 2572 in
667 2507 738 2573 luce
751 2510 927 2574 mmiemus.

239 2615 312 2660 ron.
328 2595 451 2681 Expers
462 2595 633 2746 lppnrrnbii,
657 2617 769 2681 expers
793 2595 984 2680 nuptiarum,
1007 2595 1122 2684 quibos
1145 2611 1198 2660 roe
1220 2619 1345 2664 convc-

410 2683 462 2747 nie
503 2695 518 2746 t
574 2682 638 2746 tiri.

241 2777 317 2833 tiae.
328 2767 514 2834 Miseranda
527 2701 574 2847 lid
588 2767 663 2846 fllia,
680 2767 787 2832 infelix
803 2790 878 2833 vero
892 2791 953 2857 ego
967 2767 1091 2834 mulier.

239 2873 315 2920 ror..
327 2853 396 2920 lllic
410 2877 485 2920 vero
499 2855 585 2940 apud
599 2853 715 2920 inferos
724 2855 838 2941 jacebo
853 2854 972 2941 absque
984 2867 1027 2920 te.

239 2940 395 3007 nac.Hei
411 2941 487 3006 mihi
498 2941 575 3028 quid
588 2939 725 3008 faciam?
746 2941 800 3006 nbi
816 2941 924 3006 finiam
940 2941 1060 3006 vitam?

238 3047 310 3092 ron.
324 3029 421 3093 Serva
434 3029 561 3104 moriar,
573 3041 663 3113 patre
676 3047 748 3092 oum
763 3029 821 3092 sim
836 3027 946 3092 libero.

238 3133 316 3179 auc.
327 3113 395 3179 Nos
410 3136 486 3180 vero
499 3115 729 3202 qninquaginta
742 3115 830 3180 orboe
844 3137 919 3179 sane
932 3114 1049 3178 liberis.

238 3219 310 3265 rom
323 3199 411 3278 Quid
426 3201 483 3266 tibi
499 3200 539 3265 arl
557 3201 741 3279 Hectorem,
758 3213 812 3266 ant
827 3221 932 3266 senem
948 3201 1050 3265 dicam
1065 3199 1240 3265 maritumi

239 3287 451 3354 metientia
464 3287 605 3352 omnium
620 3289 828 3352 miserrimam
841 3309 903 3353 me.
1269 3296 1342 3353 420

238 3393 311 3438 noa
325 3373 357 3438 O
371 3389 509 3460 pectora,
525 3385 557 3439 et
570 3373 731 3451 mamillae,
747 3395 820 3462 qum
833 3392 885 3439 me
898 3371 1072 3438 nutrivistis
1086 3373 1233 3438 suaviter.

238 3458 361 3526 meo
376 3461 625 3548 intempestivam
642 3457 717 3524 filiae
731 3461 879 3526 miseram
892 3459 1064 3525 fortunam.

237 3567 312 3612 noa.
324 3545 413 3630 Vale,
430 3547 462 3614 Ο
479 3560 588 3625 mater,
603 3546 673 3612 vale
686 3561 718 3612 et
733 3547 911 3612 Cassandra
925 3546 1047 3610 milri-

237 3646 315 3699 nto.
325 3631 440 3698 Valent
455 3634 518 3711 alii,
534 3635 628 3699 matri
642 3652 718 3698 vero
731 3647 857 3698 nonest
870 3633 1029 3698 valetudo.

238 3739 313 3786 rot..
324 3719 369 3786 Et
383 3720 416 3785 in
431 3721 629 3808 equestribus
643 3721 831 3798 Thracibus,
850 3717 1011 3806 Polydoro
1024 3719 1131 3784 frater.

237 3826 316 3873 nac.
326 3806 360 3872 Si
387 3807 464 3872 vivit
489 3808 601 3873 modo:
640 3807 752 3872 dubito
774 3829 867 3872 vcro:
900 3803 982 3872 adeo
1006 3827 1065 3892 per
1090 3806 1197 3870 omnia
1227 3804 1336 3872 infeli·

411 3894 488 3960 citer
502 3919 519 3960 a
572 3919 579 3958 ε

236 3999 311 4044 roa.
324 3979 426 4045 Vivit:
450 3995 481 4046 et
496 3919 659 4046 millientis
674 3981 803 4046 oculum
818 3979 944 4046 claudet
959 3989 1061 4046 tuum.

237 4085 316 4132 racc.
327 4065 460 4134 Mortua
474 4088 543 4132 sum
558 4089 576 4132 e
634 4081 717 4133 certe
733 4081 807 4133 onte
820 4081 955 4132 mortem
971 4086 1040 4153 prae
1055 4064 1201 4130 miseriis.

237 4173 312 4218 roa.
324 4153 422 4220 Aufer
437 4177 498 4234 me,
515 4154 547 4221 Ο
563 4091 703 4241 lllyssea
719 4155 885 4220 obnnltm
901 4155 1041 4220 vestibus
1055 4163 1167 4238 capot:
