2784 4864
270 227 316 286 ρο
645 207 997 320 ΕΗΒΙΡῙῙΠΕΙ

359 385 461 454 Hae:
484 395 516 450 et
528 395 709 471 opportune
721 383 785 448 tuis
797 395 930 472 apparet
944 383 1057 448 verbis.

272 498 349 542 suc.
359 474 391 540 Ο
406 469 668 559 prorsus-infelix,
684 481 716 535 et
728 469 834 536 adhuc
848 471 947 556 inagis
961 493 1057 554 qnam
1071 471 1189 552 dicam,

357 560 511 636 Domina,
525 559 645 644 peristi,
659 579 725 622 non
738 557 874 642 amplius
886 557 999 643 aspicia
1012 556 1126 638 lucem,

360 648 436 713 Sine
449 647 567 724 liberis,
581 645 649 710 siue
663 643 788 720 marito,
801 645 900 728 ejecta
913 644 1003 722 urbe,
1017 667 1148 730 prorsus
1161 648 1321 732 perdita.

275 756 352 802 asc.
363 734 440 800 Nun
454 753 575 798 novum
587 731 705 808 dixisti,
720 730 890 796 scientibus
903 751 980 794 vero
994 732 1149 816 probrum
1162 733 1258 801 dicis.

360 820 424 888 Sed
438 819 515 907 qnid
529 818 661 884 cadaver
676 817 738 882 boc
753 815 831 880 mibi
847 816 1020 904 Polyxena
1320 837 1388 896 66<

360 907 458 972 Venis
472 904 626 980 adferens,
641 905 730 989 cujus
743 905 888 969 nuntiata
900 917 949 968 est
963 903 1126 989 sepultura

362 993 518 1059 Omnium
532 990 723 1057 Aebaeornm
737 1011 834 1054 manu
848 990 986 1055 studiose
999 989 1093 1055 fieri?
1229 1041 1233 1048 .

275 1102 353 1147 Aac.
363 1080 424 1145 llla
436 1077 516 1143 nihil
530 1079 630 1159 norit,
644 1076 700 1142 sed
715 1075 795 1141 mihi
809 1076 1005 1162 Polyxenam

360 1167 530 1251 Deplorat,
544 1186 628 1228 nova
641 1185 716 1228 vero
730 1163 815 1228 mala
829 1185 894 1228 non
908 1165 1045 1252 attingit.

278 1273 354 1321 nnc.
365 1252 443 1317 Heu
459 1251 537 1316 mihi
553 1247 693 1316 miserael
717 1260 824 1314 utrum
841 1249 1035 1315 Bacchicum
1050 1269 1147 1338 caput

363 1337 518 1404 Vstidicae
531 1337 595 1402 huc
611 1335 799 1401 Cassandra
812 1334 897 1400 fera?

276 1448 353 1492 suc.
362 1426 529 1490 Viventem
543 1421 664 1500 dixisti,
680 1435 841 1487 mortuum
855 1443 931 1486 vero
944 1443 1009 1487 non
1024 1427 1124 1510 gemis

363 1511 474 1576 Hunc.
502 1510 566 1576 Sed
580 1509 686 1595 aspice
699 1509 985 1595 corpusuudatnm
1002 1511 1132 1591 mortui,

365 1599 400 1664 Si
416 1598 505 1662 tibia
529 1596 654 1681 parebit
669 1595 857 1660 miraculum
871 1611 903 1660 et
917 1609 1033 1681 praeter
1048 1619 1149 1682 spem.

276 1707 357 1752 nnc.
368 1683 446 1750 Heu
460 1617 550 1761 miii,
565 1682 657 1747 video
671 1681 798 1769 quidem
811 1681 914 1746 lilium
924 1703 1029 1747 meum
1040 1697 1205 1750 mortuum
1321 1705 1388 1764 67(

364 1770 571 1858 Polydorum,
586 1790 680 1855 quem
694 1768 771 1832 mihi
787 1768 900 1833 Thrax
916 1770 1062 1835 servabat
1075 1771 1108 1835 in
1123 1771 1227 1838 domo
1242 1777 1312 1843 vir.

365 1857 452 1924 Perii
467 1855 586 1934 infelix,
602 1877 668 1920 non
682 1853 817 1941 amplius
830 1877 900 1918 sum
914 1877 997 1920 saue.

363 1941 588 2020 omont,
1238 1959 1321 2034 (ar.
1346 1955 1388 2036 1.)

366 2029 466 2105 Hem,
482 2029 566 2106 hem,
582 2029 700 2114 incipio
714 2027 817 2092 luctus
1015 2037 1018 2048 '

366 2115 623 2190 Bacchationem,
638 2137 679 2178 ex
695 2127 820 2200 spectro

365 2201 523 2267 Recenter
537 2200 651 2266 edocta
665 2199 866 2266 calamitates.

279 2310 355 2354 arra
367 2288 553 2376 Cognovisti
567 2289 652 2351 enim
667 2288 789 2352 cladem
804 2286 873 2362 filii,
889 2286 923 2352 0
939 2289 1053 2353 misera
1068 2289 1129 2354 tn?

279 2374 582 2452 uac.1ncredibilia,
599 2373 805 2451 incredibilia,
820 2395 912 2450 nova,
927 2396 1010 2438 nova
1023 2378 1151 2461 aspicio.

365 2461 441 2526 Alia
453 2462 494 2527 ab
508 2460 577 2524 aliis
590 2460 675 2525 mala
688 2460 779 2524 malis
793 2459 955 2525 incidunt:

363 2548 477 2635 Neque
490 2569 630 2633 unquam
645 2547 763 2632 absque
776 2545 874 2622 luctu,
889 2547 1007 2634 absque
1020 2551 1140 2637 gemitu
1152 2553 1201 2617 di·
1318 2571 1388 2626 680

364 2658 398 2699 ea
414 2656 466 2699 me
478 2634 608 2699 tenebit.

280 2720 549 2797 cno.Horrenda,
565 2718 598 2784 Ο
613 2720 736 2796 misera,
751 2718 912 2785 horrenda
925 2722 1065 2805 patimur
1078 2725 1172 2790 mala.

279 2806 522 2876 nsc.0filifiti
537 2807 660 2870 misera
674 2808 795 2886 matris,
1239 2821 1322 2904 (Str,
1339 2823 1388 2900 9,]

365 2893 442 2970 Quo
455 2892 521 2958 fato
535 2894 678 2969 moreris,
693 2914 757 2978 quo
770 2892 945 2958 infortunio
953 2892 1064 2980 jaces?

365 2984 398 3045 A
412 3001 476 3067 quo
491 2978 682 3044 hominnm?

279 3067 501 3133 Anc.Neccio:
525 3067 556 3129 in
571 3065 678 3132 littore
690 3087 764 3130 eum
779 3065 905 3129 invenio
917 3069 1053 3132 marino.

281 3153 544 3238 uncdbjectum,
560 3164 616 3217 aut
629 3150 827 3217 interfectum
842 3167 973 3218 cruenta
987 3153 1100 3219 basta?

279 3261 357 3305 nuc.
367 3239 407 3304 In
422 3261 519 3304 arena
531 3238 627 3324 plana

366 3324 469 3390 Maris
479 3325 583 3411 ipsum
598 3324 688 3410 ejecit
701 3346 867 3412 aequoreus
881 3339 984 3391 astus.

280 3431 358 3478 nnc.
366 3411 443 3477 Heu
459 3412 547 3489 mihi,
563 3411 614 3489 ab,
630 3411 672 3476 alr
686 3409 693 3476 l
1123 3421 1194 3500 (atr.
1211 3421 1266 3501 8.)
1318 3433 1388 3490 690

367 3498 517 3588 intelligo
532 3499 699 3576 somnium,
715 3498 882 3563 oculorum

365 3584 516 3650 Meorum
531 3586 788 3650 visionem—non
805 3605 857 3649 me
869 3587 1022 3672 preteriit
1034 3609 1124 3672 spec-

366 3685 450 3736 trum
466 3671 845 3756 atris-dis-praeditum-

366 3757 475 3835 Quam
489 3759 597 3844 aspexi
612 3757 653 3822 de
666 3771 708 3835 te,

366 3844 399 3911 0
413 3845 470 3923 lili,
485 3867 552 3910 non
562 3844 699 3931 amplius
712 3846 866 3911 existente
879 3843 968 3910 Joris
981 3846 1015 3911 in
1030 3846 1108 3912 luoe.

281 3928 518 4082 cnaQuisqam
534 3932 637 4083 ippum
648 3929 828 3997 interfecit?
847 3946 981 4018 potesne
994 3945 1040 4014 tu,
1051 3935 1181 4000 somniis
1194 3937 1383 4020 admonita,

473 4039 554 4083 icere
988 4029 994 4046 '

235 4169 239 4186 ‚
280 4103 471 4184 nnnMeus,
488 4127 576 4172 meus
590 4105 717 4192 hospes,
734 4105 903 4171 Threicius
918 4129 1024 4192 eques,
1242 4119 1322 4200 (scr,
1337 4119 1384 4198 4.)

363 4189 431 4256 Ubi
446 4213 543 4258 senex
559 4206 650 4278 pater
664 4191 812 4276 deposuit
825 4191 915 4258 illum
931 4195 1106 4260 occultam.
1336 4187 1343 4198 ’
