2784 4864
245 193 289 282 ει
429 210 434 226 ·
627 174 959 247 nunu’mrs

247 377 326 422 non.
337 353 411 444 Ego
423 365 456 418 te
468 364 502 418 et
513 363 606 418 tuum
621 353 723 418 lilium
737 366 771 419 et
783 348 924 419 fortunas
938 365 1020 430 tuos,

334 441 367 508 Ο
384 439 532 518 Hecube,
548 441 708 517 misereor,
724 461 915 524 manumque
927 437 1112 525 supplicem,

333 526 483 614 Voloque
495 539 528 592 et
540 526 673 592 deorum
688 527 792 627 gmtio
805 527 937 612 impium
952 525 1109 611 hospitem

333 615 379 679 Et
386 613 529 699 justitie,
543 612 628 678 hanc
641 613 700 679 tibi
713 611 792 678 dare
805 633 944 696 poenom

334 700 370 767 Si
384 722 449 788 quo
464 699 561 765 modo
574 699 641 782 fiet,
653 711 690 764 ut
702 699 761 764 tibi
773 699 941 764 commode
955 699 1005 776 sit,

333 787 562 873 Exemituique
574 807 640 850 uon
655 784 764 850 videar
778 785 964 851 cassandrae
975 785 1080 872 gretie

334 873 484 940 Threeiae
496 874 564 961 regi
577 871 662 938 hunc
675 886 796 936 etmere
809 871 941 937 oedem.

334 959 492 1025 Fateoim
507 956 1079 1047 queexportemetusinciditmihi:
1278 973 1371 1032 840

332 1046 445 1111 Virum
459 1045 556 1123 huno,
572 1047 709 1109 amicum
723 1057 815 1130 putet
827 1046 995 1121 exereitus,

334 1132 503 1198 Mortuum
520 1153 594 1196 vero
607 1131 747 1196 hostem:
773 1130 806 1196 Si
823 1152 898 1194 vero
912 1129 970 1194 tibi
985 1129 1101 1195 chorus

335 1217 402 1283 Hic
416 1231 473 1296 est,
489 1219 636 1303 privatim
651 1231 700 1282 est
715 1218 776 1282 hoc
790 1228 823 1280 et
835 1237 901 1280 non
915 1215 1080 1300 publicum
1094 1221 1266 1288 exercitui.

334 1305 495 1370 Praeteree
503 1305 574 1370 haec
582 1303 760 1369 considere:
775 1301 861 1388 quod
870 1301 1027 1368 volentem
1037 1303 1167 1391 quidem
1178 1329 1233 1372 me
1242 1307 1367 1376 hebes

333 1391 409 1456 Tibi
423 1411 518 1476 opem
532 1389 624 1470 ferre,
639 1404 671 1455 et
684 1402 870 1475 promptum
883 1389 926 1453 ud
939 1389 1169 1472 auxiliandum,

338 1476 482 1542 Tardum
496 1499 582 1554 vero,
597 1476 685 1562 opud
699 1475 833 1540 Graecos
846 1475 873 1538 ei
886 1475 1070 1541 admirabor.

252 1565 452 1648 nuc.(lleu,)
467 1563 540 1640 heu,
556 1585 620 1627 non
636 1575 686 1626 est
699 1561 891 1639 mortalium,
906 1563 960 1646 qui
975 1562 1015 1626 eit
1027 1562 1126 1627 liber:

334 1653 404 1714 Aut
415 1650 622 1735 pecuniarum
639 1649 724 1712 enim
738 1669 847 1713 servus
862 1661 919 1724 est,
934 1661 992 1712 aut
1004 1647 1153 1728 fortune,

333 1741 401 1801 Aut
415 1735 585 1801 multitudo
597 1757 670 1800 eum
684 1735 782 1814 urbis,
796 1747 853 1799 eut
865 1733 950 1822 leges
964 1735 1091 1821 scripta·

335 1821 517 1902 Prohibent,
526 1845 567 1888 ne
582 1835 689 1886 utetur
702 1843 763 1908 pro
777 1819 909 1884 arbitrio
924 1821 1075 1886 moribus.
1276 1837 1359 1898 850

336 1909 508 1995 Postquam
523 1931 599 1974 vero
612 1911 726 1972 metuis
740 1905 997 1992 multitudinique
1010 1908 1144 1972 nimium
1158 1901 1290 1993 tribuis,

335 1995 409 2080 Ego
421 2007 455 2059 te
467 1993 579 2058 ficium
592 1993 655 2058 boc
669 1993 803 2057 liberum
817 2005 916 2058 metu.

335 2082 387 2147 Sis
401 2082 544 2144 conscius
558 2081 699 2167 quidem,
713 2079 740 2143 si
753 2077 832 2165 quid
845 2091 965 2144 struem
981 2079 1056 2144 muli

334 2166 498 2233 Adversus
505 2163 1112 2252 eumhuncquiintersecitadjuvuvero
1118 2187 1352 2258 nequaquam.

335 2254 371 2319 Si
384 2275 461 2318 vero
475 2277 513 2318 ex
527 2252 655 2317 Achaeis
669 2251 833 2329 tumultur,
848 2265 905 2316 aut
918 2251 1084 2330 auxilium,

333 2340 479 2404 Patiente
491 2339 560 2403 viro
574 2339 703 2404 'I'htuoe
716 2337 822 2425 qualia
833 2337 982 2422 patietur,

333 2426 529 2512 Appunrerit
549 2424 722 2512 quoddam,
737 2423 861 2501 cohibe,
878 2445 943 2488 nou
964 2446 1032 2509 prm
1051 2425 1209 2492 teserem
1228 2451 1351 2498 meum

333 2523 665 2678 Quodzuadldlilu’verm
680 2597 822 2674 conlide3
845 2609 960 2663 cuncte
972 2619 1033 2687 ego
1043 2597 1211 2664 oonfieium
1221 2605 1347 2688 probe.

249 2705 327 2750 non.
337 2684 515 2762 Quomodo
528 2682 649 2772 igitur?
669 2685 748 2771 quid
761 2683 880 2748 facim?
899 2697 1008 2750 utrum
1021 2683 1162 2772 gladium
1178 2707 1278 2756 manu

332 2773 500 2857 decipiens
514 2770 590 2835 anili
605 2771 708 2835 virum
722 2769 1088 2848 barburumioterliciee,
1275 2787 1350 2844 860

332 2861 398 2922 Aut
411 2859 550 2935 venenis,
566 2869 622 2922 out
635 2877 697 2942 ope
710 2877 847 2942 quonam
862 2855 871 2920 l
956 2875 960 2882 ·

333 2943 417 3019 Quae
429 2944 490 3008 tibi
503 2943 604 3008 aderit
617 2941 757 3008 munus?
776 2943 864 3007 unde
878 2941 1010 3008 hebebis
1022 2943 1167 3008 amicost

246 3049 324 3094 uec.
340 3028 443 3094 Tecta
454 3029 617 3094 oecultont
630 3030 699 3093 boec
714 3029 881 3094 Troadum
894 3029 1035 3094 turbam.

247 3137 325 3180 non.
335 3115 485 3200 Captivos
498 3114 589 3197 dicis,
605 3115 792 3180 Graeoorum
807 3113 974 3200 prmdum?

246 3201 418 3266 nnc.Cum
433 3201 494 3264 illis
508 3203 587 3266 dmm
600 3221 705 3265 meum
722 3201 913 3268 homicidum
929 3201 1071 3267 ulciscor.

246 3309 325 3352 non.
335 3287 379 3353 Et
394 3287 555 3373 quomodo
568 3285 753 3354 mulieribus
765 3289 799 3351 iu
813 3289 900 3352 viros
912 3287 973 3352 erit
986 3287 1144 3354 victorie?

246 3393 325 3440 nec.
336 3373 919 3460 Estquiddompoteuumrdtitudocum
925 3373 1343 3462 insidiisqueinruperebile.

246 3459 465 3536 nonPotenm
488 3473 694 3525 verumtamen
708 3459 891 3525 immineam
966 3459 1106 3526 rehendo
1181 3485 1231 3528 m.

246 3565 324 3611 nnc.
334 3545 421 3616 Quid
435 3544 534 3611 vero?
554 3567 596 3610 on
606 3568 673 3610 non
687 3545 834 3612 mulieres
846 3481 1076 3613 mamm
1136 3549 1228 3636 gypti
1239 3549 1342 3632 tilios,

332 3631 376 3698 Et
391 3631 1055 3698 Iaemuofunditusvimsextemimrunt?
1272 3647 1342 3710 870

333 3717 398 3784 Sed
413 3730 450 3783 ut
462 3718 533 3784 fieri
547 3720 654 3803 possit,
671 3720 756 3783 hunc
770 3719 849 3784 mihi
863 3719 975 3784 omitte
987 3741 1185 3798 sermonem

331 3803 431 3870 Mtte
440 3825 516 3870 vero
529 3803 609 3869 mihi
623 3803 707 3870 hene
720 3817 791 3870 tuto
804 3827 862 3892 per
875 3807 1046 3871 exereitum

332 3889 516 3956 Mulierem.
547 3889 590 3956 Et
604 3903 651 3970 tu,
669 3891 826 3969 Onmdor,
842 3891 984 3957 Thracio
996 3892 1148 3958 meeum
1160 3891 1293 3981 hospiti,

331 3975 418 4051 Die;
440 3989 533 4041 vocat
545 3989 577 4042 te
590 3978 701 4065 regina
714 3977 791 4041 olim
805 3999 880 4043 sune
895 3978 947 4044 Ilii

190 4083 195 4093 ’
335 4061 478 4139 Hecube,
494 4077 549 4128 tuo
563 4085 639 4128 vero
650 4083 714 4127 non
730 4063 834 4128 minus
848 4085 942 4150 quum
953 4063 1053 4152 ipeiut
1066 4085 1171 4144 eoum,

329 4148 374 4212 Et
390 4147 523 4214 liberos:
546 4151 695 4237 quonium
710 4163 837 4236 oportet
850 4167 883 4217 et
896 4151 1014 4218 liberor
1027 4151 1107 4218 edre
1120 4154 1287 4222 mmmm

332 4233 432 4300 illiue.
461 4233 583 4300 lienem
597 4257 672 4302 vero
686 4233 860 4302 interfecte
