<?xml version="1.0" encoding="UTF-8"?>
<!DOCTYPE html PUBLIC "-//W3C//DTD XHTML 1.0 Transitional//EN"
    "http://www.w3.org/TR/xhtml1/DTD/xhtml1-transitional.dtd">
<html xmlns="http://www.w3.org/1999/xhtml" xml:lang="en" lang="en">
 <head>
  <title>
</title>
<meta http-equiv="Content-Type" content="text/html;charset=utf-8" />
  <meta name='ocr-system' content='tesseract 3.04.00' />
  <meta name='ocr-capabilities' content='ocr_page ocr_carea ocr_par ocr_line ocrx_word'/>
</head>
<body>
  <div class='ocr_page' id='page_1' title='image "./euripidistragoe00mattgoog/euripidistragoe00mattgoog_0071.png"; bbox 0 0 2784 4864; ppageno 0'>
   <div class='ocr_carea' id='block_1_1' title="bbox 154 213 996 287">
    <p class='ocr_par' dir='ltr' id='par_1_1' title="bbox 154 213 996 287">
     <span class='ocr_line' id='line_1_1' title="bbox 154 213 996 287; baseline 0.014 -17"><span class='ocrx_word' id='word_1_1' title='bbox 154 249 159 270; x_wconf 79' lang='grc'><strong>.</strong></span> <span class='ocrx_word' id='word_1_2' title='bbox 288 229 330 287; x_wconf 75' lang='grc'><strong>66</strong></span> <span class='ocrx_word' id='word_1_3' title='bbox 666 213 996 282; x_wconf 82' lang='lat' dir='ltr'><strong>EURIPIDIS</strong></span> 
     </span>
    </p>
   </div>
   <div class='ocr_carea' id='block_1_2' title="bbox 279 387 1386 4434">
    <p class='ocr_par' dir='ltr' id='par_1_2' title="bbox 279 387 1386 4434">
     <span class='ocr_line' id='line_1_2' title="bbox 372 387 1263 480; baseline 0.001 -23"><span class='ocrx_word' id='word_1_4' title='bbox 372 391 460 458; x_wconf 88' lang='lat' dir='ltr'><strong>Num</strong></span> <span class='ocrx_word' id='word_1_5' title='bbox 473 397 604 474; x_wconf 85' lang='lat' dir='ltr'><strong>propter</strong></span> <span class='ocrx_word' id='word_1_6' title='bbox 616 387 882 472; x_wconf 83' lang='lat' dir='ltr'><strong>pulehuitudinent</strong></span> <span class='ocrx_word' id='word_1_7' title='bbox 896 387 1127 474; x_wconf 82' lang='lat' dir='ltr'><strong>obstupuermrt</strong></span> <span class='ocrx_word' id='word_1_8' title='bbox 1139 389 1263 480; x_wconf 77' lang='lat' dir='ltr'><strong>gladii?</strong></span> 
     </span>
     <span class='ocr_line' id='line_1_3' title="bbox 374 474 1100 563; baseline -0.001 -20"><span class='ocrx_word' id='word_1_9' title='bbox 374 479 469 544; x_wconf 84' lang='lat' dir='ltr'>Forte</span> <span class='ocrx_word' id='word_1_10' title='bbox 483 474 595 560; x_wconf 88' lang='lat' dir='ltr'><strong>aliquis</strong></span> <span class='ocrx_word' id='word_1_11' title='bbox 608 475 760 563; x_wconf 79' lang='lat' dir='ltr'><strong>Argivom</strong></span> <span class='ocrx_word' id='word_1_12' title='bbox 775 487 913 540; x_wconf 85' lang='lat' dir='ltr'><strong>armatus</strong></span> <span class='ocrx_word' id='word_1_13' title='bbox 926 495 1100 560; x_wconf 86' lang='lat' dir='ltr'><strong>properans</strong></span> 
     </span>
     <span class='ocr_line' id='line_1_4' title="bbox 374 559 978 628; baseline -0.005 0"><span class='ocrx_word' id='word_1_14' title='bbox 374 562 460 628; x_wconf 86' lang='lat' dir='ltr'>Pede</span> <span class='ocrx_word' id='word_1_15' title='bbox 474 561 661 626; x_wconf 77' lang='lat' dir='ltr'><strong>auxiliatore</strong></span> <span class='ocrx_word' id='word_1_16' title='bbox 674 574 817 626; x_wconf 82' lang='lat' dir='ltr'><strong>accurrat</strong></span> <span class='ocrx_word' id='word_1_17' title='bbox 829 561 872 626; x_wconf 87' lang='lat' dir='ltr'><strong>ad</strong></span> <span class='ocrx_word' id='word_1_18' title='bbox 886 559 978 625; x_wconf 76' lang='lat' dir='ltr'><strong>sedes</strong></span> 
     </span>
     <span class='ocr_line' id='line_1_5' title="bbox 375 645 1124 735; baseline -0.004 -20"><span class='ocrx_word' id='word_1_19' title='bbox 375 651 521 735; x_wconf 83' lang='lat' dir='ltr'><strong>Spectata</strong></span> <span class='ocrx_word' id='word_1_20' title='bbox 533 667 618 714; x_wconf 90' lang='lat' dir='ltr'><strong>nuuc</strong></span> <span class='ocrx_word' id='word_1_21' title='bbox 632 645 759 712; x_wconf 85' lang='lat' dir='ltr'><strong>melius:</strong></span> <span class='ocrx_word' id='word_1_22' title='bbox 782 667 847 714; x_wconf 93' lang='lat' dir='ltr'><strong>non</strong></span> <span class='ocrx_word' id='word_1_23' title='bbox 860 647 989 732; x_wconf 87' lang='lat' dir='ltr'><strong>expedit</strong></span> <span class='ocrx_word' id='word_1_24' title='bbox 1002 646 1124 714; x_wconf 86' lang='lat' dir='ltr'><strong>sedere:</strong></span> 
     </span>
     <span class='ocr_line' id='line_1_6' title="bbox 372 732 1046 810; baseline -0.006 -8"><span class='ocrx_word' id='word_1_25' title='bbox 372 733 437 802; x_wconf 78' lang='lat' dir='ltr'><strong>ssd</strong></span> <span class='ocrx_word' id='word_1_26' title='bbox 451 734 522 798; x_wconf 78' lang='lat' dir='ltr'><strong>alite</strong></span> <span class='ocrx_word' id='word_1_27' title='bbox 538 733 611 810; x_wconf 80' lang='lat' dir='ltr'><strong>hue,</strong></span> <span class='ocrx_word' id='word_1_28' title='bbox 626 732 697 798; x_wconf 82' lang='lat' dir='ltr'><strong>alite</strong></span> <span class='ocrx_word' id='word_1_29' title='bbox 711 733 787 797; x_wconf 93' lang='lat' dir='ltr'><strong>illuc</strong></span> <span class='ocrx_word' id='word_1_30' title='bbox 802 732 925 798; x_wconf 83' lang='lat' dir='ltr'>volvitis</span> <span class='ocrx_word' id='word_1_31' title='bbox 939 735 1046 800; x_wconf 74' lang='lat' dir='ltr'><strong>anulos.</strong></span> 
     </span>
     <span class='ocr_line' id='line_1_7' title="bbox 288 819 685 888; baseline -0.018 0"><span class='ocrx_word' id='word_1_32' title='bbox 288 843 364 888; x_wconf 83' lang='lat' dir='ltr'><strong>otto.</strong></span> <span class='ocrx_word' id='word_1_33' title='bbox 373 821 537 886; x_wconf 80' lang='lat' dir='ltr'><strong>Mutamus</strong></span> <span class='ocrx_word' id='word_1_34' title='bbox 551 819 632 882; x_wconf 84' lang='lat' dir='ltr'><strong>viem</strong></span> <span class='ocrx_word' id='word_1_35' title='bbox 680 853 685 862; x_wconf 93' lang='lat'><em>·</em></span> 
     </span>
     <span class='ocr_line' id='line_1_8' title="bbox 374 904 1385 992; baseline -0.003 -19"><span class='ocrx_word' id='word_1_36' title='bbox 374 904 577 992; x_wconf 76' lang='lat' dir='ltr'>speculantes</span> <span class='ocrx_word' id='word_1_37' title='bbox 591 904 740 992; x_wconf 86' lang='lat' dir='ltr'><strong>undique.</strong></span> <span class='ocrx_word' id='word_1_38' title='bbox 1120 951 1124 960; x_wconf 72' lang='grc'>.</span> <span class='ocrx_word' id='word_1_39' title='bbox 1291 919 1385 978; x_wconf 74' lang='lat'>1280</span> 
     </span>
     <span class='ocr_line' id='line_1_9' title="bbox 289 989 1113 1090; baseline -0.007 -31"><span class='ocrx_word' id='word_1_40' title='bbox 289 993 406 1059; x_wconf 71' lang='lat' dir='ltr'><strong>nano</strong></span> <span class='ocrx_word' id='word_1_41' title='bbox 423 992 589 1090; x_wconf 79' lang='lat' dir='ltr'><strong>Pelasgum</strong></span> <span class='ocrx_word' id='word_1_42' title='bbox 604 995 720 1078; x_wconf 78' lang='lat' dir='ltr'><strong>Argos,</strong></span> <span class='ocrx_word' id='word_1_43' title='bbox 735 1011 831 1074; x_wconf 88' lang='lat' dir='ltr'><strong>pereo</strong></span> <span class='ocrx_word' id='word_1_44' title='bbox 846 989 935 1055; x_wconf 79' lang='lat' dir='ltr'><strong>ntale.</strong></span> <span class='ocrx_word' id='word_1_45' title='bbox 1110 1060 1113 1070; x_wconf 54' lang='grc'><em>,</em></span> 
     </span>
     <span class='ocr_line' id='line_1_10' title="bbox 287 1075 1040 1146; baseline -0.007 -1"><span class='ocrx_word' id='word_1_46' title='bbox 287 1101 361 1146; x_wconf 79' lang='lat' dir='ltr'><strong>sua.</strong></span> <span class='ocrx_word' id='word_1_47' title='bbox 371 1077 534 1144; x_wconf 76' lang='lat' dir='ltr'>Audistis?</span> <span class='ocrx_word' id='word_1_48' title='bbox 556 1078 616 1141; x_wconf 90' lang='lat' dir='ltr'><strong>viri</strong></span> <span class='ocrx_word' id='word_1_49' title='bbox 631 1077 748 1142; x_wconf 86' lang='lat' dir='ltr'><strong>babent</strong></span> <span class='ocrx_word' id='word_1_50' title='bbox 763 1097 873 1141; x_wconf 87' lang='lat' dir='ltr'><strong>manus</strong></span> <span class='ocrx_word' id='word_1_51' title='bbox 887 1076 919 1140; x_wconf 92' lang='lat' dir='ltr'><strong>in</strong></span> <span class='ocrx_word' id='word_1_52' title='bbox 934 1075 1040 1141; x_wconf 74' lang='lat' dir='ltr'><strong>credes</strong></span> 
     </span>
     <span class='ocr_line' id='line_1_11' title="bbox 375 1161 1053 1250; baseline -0.006 -19"><span class='ocrx_word' id='word_1_53' title='bbox 375 1165 433 1230; x_wconf 86' lang='lat' dir='ltr'><strong>Est</strong></span> <span class='ocrx_word' id='word_1_54' title='bbox 446 1163 581 1250; x_wconf 88' lang='lat' dir='ltr'><strong>ejulatus</strong></span> <span class='ocrx_word' id='word_1_55' title='bbox 599 1162 740 1241; x_wconf 77' lang='lat' dir='ltr'><strong>Helenae,</strong></span> <span class='ocrx_word' id='word_1_56' title='bbox 755 1175 790 1228; x_wconf 92' lang='lat' dir='ltr'><strong>ut</strong></span> <span class='ocrx_word' id='word_1_57' title='bbox 802 1161 877 1227; x_wconf 84' lang='lat' dir='ltr'><strong>licet</strong></span> <span class='ocrx_word' id='word_1_58' title='bbox 889 1163 1053 1250; x_wconf 82' lang='lat' dir='ltr'><strong>conjicere.</strong></span> 
     </span>
     <span class='ocr_line' id='line_1_12' title="bbox 288 1249 1386 1339; baseline 0.003 -22"><span class='ocrx_word' id='word_1_59' title='bbox 288 1273 363 1317; x_wconf 83' lang='lat' dir='ltr'><strong>eno.</strong></span> <span class='ocrx_word' id='word_1_60' title='bbox 376 1249 408 1316; x_wconf 94' lang='grc' dir='ltr'>Ο</span> <span class='ocrx_word' id='word_1_61' title='bbox 421 1249 522 1328; x_wconf 81' lang='lat' dir='ltr'><strong>Iovis,</strong></span> <span class='ocrx_word' id='word_1_62' title='bbox 539 1249 571 1314; x_wconf 94' lang='grc' dir='ltr'><strong>Ο</strong></span> <span class='ocrx_word' id='word_1_63' title='bbox 585 1250 674 1315; x_wconf 80' lang='lat' dir='ltr'><strong>Iovis</strong></span> <span class='ocrx_word' id='word_1_64' title='bbox 687 1249 840 1313; x_wconf 86' lang='lat' dir='ltr'><strong>immensa</strong></span> <span class='ocrx_word' id='word_1_65' title='bbox 852 1250 1002 1333; x_wconf 64' lang='lat' dir='ltr'><strong>ponatis,</strong></span> <span class='ocrx_word' id='word_1_66' title='bbox 1241 1257 1317 1339; x_wconf 76' lang='lat' dir='ltr'><strong>(atr.</strong></span> <span class='ocrx_word' id='word_1_67' title='bbox 1336 1259 1386 1338; x_wconf 85' lang='grc'><strong>3.)</strong></span> 
     </span>
     <span class='ocr_line' id='line_1_13' title="bbox 371 1333 986 1402; baseline -0.003 -1"><span class='ocrx_word' id='word_1_68' title='bbox 371 1336 452 1402; x_wconf 88' lang='lat' dir='ltr'><strong>Veni</strong></span> <span class='ocrx_word' id='word_1_69' title='bbox 466 1333 622 1401; x_wconf 84' lang='lat' dir='ltr'><strong>auxilians</strong></span> <span class='ocrx_word' id='word_1_70' title='bbox 637 1335 713 1400; x_wconf 87' lang='lat' dir='ltr'><strong>meis</strong></span> <span class='ocrx_word' id='word_1_71' title='bbox 726 1336 833 1399; x_wconf 88' lang='lat' dir='ltr'><strong>amicis</strong></span> <span class='ocrx_word' id='word_1_72' title='bbox 846 1335 986 1400; x_wconf 89' lang='lat' dir='ltr'><strong>omnino.</strong></span> 
     </span>
     <span class='ocr_line' id='line_1_14' title="bbox 287 1419 1241 1508; baseline 0.002 -20"><span class='ocrx_word' id='word_1_73' title='bbox 287 1419 531 1498; x_wconf 72' lang='lat' dir='ltr'><strong>nsunteneue,</strong></span> <span class='ocrx_word' id='word_1_74' title='bbox 546 1421 681 1488; x_wconf 86' lang='lat' dir='ltr'><strong>morior:</strong></span> <span class='ocrx_word' id='word_1_75' title='bbox 704 1432 739 1485; x_wconf 92' lang='lat' dir='ltr'><strong>tu</strong></span> <span class='ocrx_word' id='word_1_76' title='bbox 754 1443 828 1486; x_wconf 83' lang='lat' dir='ltr'><strong>veto</strong></span> <span class='ocrx_word' id='word_1_77' title='bbox 842 1441 981 1506; x_wconf 85' lang='lat' dir='ltr'><strong>praesens</strong></span> <span class='ocrx_word' id='word_1_78' title='bbox 997 1442 1047 1486; x_wconf 89' lang='lat' dir='ltr'><strong>me</strong></span> <span class='ocrx_word' id='word_1_79' title='bbox 1061 1441 1125 1486; x_wconf 91' lang='lat' dir='ltr'><strong>nou</strong></span> <span class='ocrx_word' id='word_1_80' title='bbox 1136 1422 1241 1508; x_wconf 78' lang='lat' dir='ltr'><strong>jum.</strong></span> 
     </span>
     <span class='ocr_line' id='line_1_15' title="bbox 289 1505 975 1591; baseline -0.01 -14"><span class='ocrx_word' id='word_1_81' title='bbox 289 1507 553 1584; x_wconf 63' lang='lat' dir='ltr'><strong>uuudnterficite,</strong></span> <span class='ocrx_word' id='word_1_82' title='bbox 569 1505 669 1584; x_wconf 85' lang='lat' dir='ltr'><strong>ferite,</strong></span> <span class='ocrx_word' id='word_1_83' title='bbox 684 1507 828 1588; x_wconf 88' lang='lat' dir='ltr'><strong>occidite,</strong></span> <span class='ocrx_word' id='word_1_84' title='bbox 843 1507 975 1591; x_wconf 88' lang='lat' dir='ltr'><strong>perdite,</strong></span> 
     </span>
     <span class='ocr_line' id='line_1_16' title="bbox 371 1592 899 1679; baseline -0.008 -19"><span class='ocrx_word' id='word_1_85' title='bbox 371 1595 476 1671; x_wconf 90' lang='lat' dir='ltr'><strong>Duos,</strong></span> <span class='ocrx_word' id='word_1_86' title='bbox 487 1594 637 1678; x_wconf 87' lang='lat' dir='ltr'><strong>ancipites</strong></span> <span class='ocrx_word' id='word_1_87' title='bbox 650 1592 771 1679; x_wconf 75' lang='lat' dir='ltr'><strong>gladios</strong></span> <span class='ocrx_word' id='word_1_88' title='bbox 785 1593 899 1658; x_wconf 88' lang='lat' dir='ltr'><strong>mittite</strong></span> 
     </span>
     <span class='ocr_line' id='line_1_17' title="bbox 372 1681 614 1747; baseline -0.021 0"><span class='ocrx_word' id='word_1_89' title='bbox 372 1681 403 1747; x_wconf 89' lang='lat' dir='ltr'><strong>E</strong></span> <span class='ocrx_word' id='word_1_90' title='bbox 418 1700 513 1744; x_wconf 88' lang='lat' dir='ltr'><strong>manu</strong></span> <span class='ocrx_word' id='word_1_91' title='bbox 527 1701 614 1744; x_wconf 89' lang='lat' dir='ltr'><strong>acres</strong></span> 
     </span>
     <span class='ocr_line' id='line_1_18' title="bbox 372 1765 1386 1856; baseline 0.003 -25"><span class='ocrx_word' id='word_1_92' title='bbox 372 1765 466 1832; x_wconf 88' lang='lat' dir='ltr'><strong>Illam</strong></span> <span class='ocrx_word' id='word_1_93' title='bbox 481 1765 678 1830; x_wconf 72' lang='lat' dir='ltr'><strong>desertricem</strong></span> <span class='ocrx_word' id='word_1_94' title='bbox 700 1776 865 1850; x_wconf 88' lang='lat' dir='ltr'><strong>parentum</strong></span> <span class='ocrx_word' id='word_1_95' title='bbox 888 1765 1083 1851; x_wconf 84' lang='lat' dir='ltr'><strong>linquentem</strong></span> <span class='ocrx_word' id='word_1_96' title='bbox 1101 1768 1285 1856; x_wconf 77' lang='lat' dir='ltr'><strong>conjugem,</strong></span> <span class='ocrx_word' id='word_1_97' title='bbox 1303 1791 1386 1854; x_wconf 81' lang='lat' dir='ltr'><strong>quae</strong></span> 
     </span>
     <span class='ocr_line' id='line_1_19' title="bbox 457 1852 1386 1938; baseline 0.006 -22"><span class='ocrx_word' id='word_1_98' title='bbox 457 1852 611 1938; x_wconf 86' lang='lat' dir='ltr'><strong>plurimos</strong></span> <span class='ocrx_word' id='word_1_99' title='bbox 1291 1864 1386 1923; x_wconf 79' lang='lat'>1290</span> 
     </span>
     <span class='ocr_line' id='line_1_20' title="bbox 373 1937 783 2004; baseline -0.002 -1"><span class='ocrx_word' id='word_1_100' title='bbox 373 1937 534 2004; x_wconf 81' lang='lat' dir='ltr'><strong>Interfecit</strong></span> <span class='ocrx_word' id='word_1_101' title='bbox 549 1937 736 2002; x_wconf 74' lang='lat' dir='ltr'><strong>Gtaecorum</strong></span> <span class='ocrx_word' id='word_1_102' title='bbox 782 1955 783 1960; x_wconf 75' lang='grc'>’</span> 
     </span>
     <span class='ocr_line' id='line_1_21' title="bbox 372 2022 940 2108; baseline -0.004 -19"><span class='ocrx_word' id='word_1_103' title='bbox 372 2024 412 2089; x_wconf 92' lang='lat' dir='ltr'><strong>In</strong></span> <span class='ocrx_word' id='word_1_104' title='bbox 426 2023 508 2088; x_wconf 86' lang='lat' dir='ltr'><strong>bello</strong></span> <span class='ocrx_word' id='word_1_105' title='bbox 521 2022 608 2107; x_wconf 89' lang='lat' dir='ltr'><strong>apud</strong></span> <span class='ocrx_word' id='word_1_106' title='bbox 620 2023 751 2086; x_wconf 84' lang='lat' dir='ltr'><strong>fluvium</strong></span> <span class='ocrx_word' id='word_1_107' title='bbox 766 2035 940 2108; x_wconf 86' lang='lat' dir='ltr'><strong>pereuntes,</strong></span> 
     </span>
     <span class='ocr_line' id='line_1_22' title="bbox 373 2108 763 2208; baseline -0.013 -32"><span class='ocrx_word' id='word_1_108' title='bbox 373 2109 441 2176; x_wconf 92' lang='lat' dir='ltr'><strong>Ubi</strong></span> <span class='ocrx_word' id='word_1_109' title='bbox 454 2109 604 2195; x_wconf 76' lang='lat' dir='ltr'><strong>lacrymas</strong></span> <span class='ocrx_word' id='word_1_110' title='bbox 617 2108 763 2208; x_wconf 71' lang='lat' dir='ltr'><strong>lacrymis</strong></span> 
     </span>
     <span class='ocr_line' id='line_1_23' title="bbox 373 2192 708 2280; baseline -0.003 -20"><span class='ocrx_word' id='word_1_111' title='bbox 373 2195 586 2280; x_wconf 75' lang='lat' dir='ltr'><strong>Contigerant</strong></span> <span class='ocrx_word' id='word_1_112' title='bbox 598 2192 708 2259; x_wconf 80' lang='lat' dir='ltr'><strong>ferrers</strong></span> 
     </span>
     <span class='ocr_line' id='line_1_24' title="bbox 372 2279 935 2345; baseline 0.002 -1"><span class='ocrx_word' id='word_1_113' title='bbox 372 2280 481 2344; x_wconf 88' lang='lat' dir='ltr'><strong>Hastis</strong></span> <span class='ocrx_word' id='word_1_114' title='bbox 494 2281 579 2344; x_wconf 84' lang='lat' dir='ltr'><strong>eirca</strong></span> <span class='ocrx_word' id='word_1_115' title='bbox 594 2279 778 2345; x_wconf 71' lang='lat' dir='ltr'><strong>Scamandri</strong></span> <span class='ocrx_word' id='word_1_116' title='bbox 793 2281 935 2345; x_wconf 83' lang='lat' dir='ltr'><strong>vortices.</strong></span> 
     </span>
     <span class='ocr_line' id='line_1_25' title="bbox 286 2365 1094 2453; baseline -0.001 -19"><span class='ocrx_word' id='word_1_117' title='bbox 286 2366 498 2446; x_wconf 80' lang='lat' dir='ltr'><strong>cuoTacete,</strong></span> <span class='ocrx_word' id='word_1_118' title='bbox 513 2379 625 2443; x_wconf 82' lang='lat' dir='ltr'><strong>tacete3</strong></span> <span class='ocrx_word' id='word_1_119' title='bbox 650 2365 746 2431; x_wconf 91' lang='lat' dir='ltr'><strong>audio</strong></span> <span class='ocrx_word' id='word_1_120' title='bbox 759 2365 922 2452; x_wconf 72' lang='lat' dir='ltr'><strong>strepitum</strong></span> <span class='ocrx_word' id='word_1_121' title='bbox 937 2368 1094 2453; x_wconf 85' lang='lat' dir='ltr'><strong>quendam</strong></span> 
     </span>
     <span class='ocr_line' id='line_1_26' title="bbox 371 2452 1100 2538; baseline 0.001 -21"><span class='ocrx_word' id='word_1_122' title='bbox 371 2452 543 2538; x_wconf 90' lang='lat' dir='ltr'><strong>Cujusdam</strong></span> <span class='ocrx_word' id='word_1_123' title='bbox 557 2453 589 2516; x_wconf 93' lang='lat' dir='ltr'><strong>in</strong></span> <span class='ocrx_word' id='word_1_124' title='bbox 604 2453 687 2533; x_wconf 79' lang='lat' dir='ltr'><strong>viam</strong></span> <span class='ocrx_word' id='word_1_125' title='bbox 701 2453 849 2517; x_wconf 85' lang='lat' dir='ltr'><strong>irruentis</strong></span> <span class='ocrx_word' id='word_1_126' title='bbox 863 2453 947 2517; x_wconf 85' lang='lat' dir='ltr'><strong>circa</strong></span> <span class='ocrx_word' id='word_1_127' title='bbox 959 2452 1100 2518; x_wconf 88' lang='lat' dir='ltr'><strong>domum.</strong></span> 
     </span>
     <span class='ocr_line' id='line_1_27' title="bbox 286 2537 1074 2614; baseline -0.003 -8"><span class='ocrx_word' id='word_1_128' title='bbox 286 2538 403 2606; x_wconf 59' lang='grc' dir='ltr'><strong>ΜΟ</strong></span> <span class='ocrx_word' id='word_1_129' title='bbox 417 2538 606 2603; x_wconf 76' lang='lat' dir='ltr'><strong>charissimae</strong></span> <span class='ocrx_word' id='word_1_130' title='bbox 621 2537 775 2614; x_wconf 82' lang='lat' dir='ltr'><strong>mulieres,</strong></span> <span class='ocrx_word' id='word_1_131' title='bbox 791 2539 824 2602; x_wconf 91' lang='lat' dir='ltr'><strong>in</strong></span> <span class='ocrx_word' id='word_1_132' title='bbox 838 2559 940 2603; x_wconf 87' lang='lat' dir='ltr'><strong>meam</strong></span> <span class='ocrx_word' id='word_1_133' title='bbox 953 2539 1074 2604; x_wconf 57' lang='lat' dir='ltr'><strong>mem</strong></span> 
     </span>
     <span class='ocr_line' id='line_1_28' title="bbox 370 2623 1116 2692; baseline 0.003 -3"><span class='ocrx_word' id='word_1_134' title='bbox 370 2624 436 2689; x_wconf 88' lang='lat' dir='ltr'><strong>Ista</strong></span> <span class='ocrx_word' id='word_1_135' title='bbox 451 2623 629 2689; x_wconf 88' lang='lat' dir='ltr'><strong>Hermione</strong></span> <span class='ocrx_word' id='word_1_136' title='bbox 643 2623 747 2690; x_wconf 83' lang='lat' dir='ltr'><strong>adest:</strong></span> <span class='ocrx_word' id='word_1_137' title='bbox 770 2647 924 2690; x_wconf 75' lang='lat' dir='ltr'><strong>oessemm</strong></span> <span class='ocrx_word' id='word_1_138' title='bbox 937 2648 958 2690; x_wconf 89' lang='lat' dir='ltr'><strong>s</strong></span> <span class='ocrx_word' id='word_1_139' title='bbox 970 2625 1116 2692; x_wconf 84' lang='lat' dir='ltr'><strong>clamore.</strong></span> 
     </span>
     <span class='ocr_line' id='line_1_29' title="bbox 369 2709 1384 2788; baseline 0.007 -12"><span class='ocrx_word' id='word_1_140' title='bbox 369 2711 455 2776; x_wconf 88' lang='lat' dir='ltr'><strong>Nam</strong></span> <span class='ocrx_word' id='word_1_141' title='bbox 469 2709 554 2775; x_wconf 85' lang='lat' dir='ltr'><strong>vadit</strong></span> <span class='ocrx_word' id='word_1_142' title='bbox 565 2709 703 2776; x_wconf 88' lang='lat' dir='ltr'><strong>incidens</strong></span> <span class='ocrx_word' id='word_1_143' title='bbox 716 2711 749 2774; x_wconf 90' lang='lat' dir='ltr'><strong>iu</strong></span> <span class='ocrx_word' id='word_1_144' title='bbox 765 2711 795 2774; x_wconf 90' lang='lat' dir='ltr'><strong>la</strong></span> <span class='ocrx_word' id='word_1_145' title='bbox 818 2733 892 2776; x_wconf 89' lang='lat' dir='ltr'><strong>neos</strong></span> <span class='ocrx_word' id='word_1_146' title='bbox 907 2713 1031 2777; x_wconf 86' lang='lat' dir='ltr'><strong>retium.</strong></span> <span class='ocrx_word' id='word_1_147' title='bbox 1294 2728 1384 2788; x_wconf 79' lang='lat' dir='ltr'><strong>laon</strong></span> 
     </span>
     <span class='ocr_line' id='line_1_30' title="bbox 370 2733 904 2970; baseline -0.002 -22"><span class='ocrx_word' id='word_1_148' title='bbox 370 2733 904 2970; x_wconf 61' lang='lat' dir='ltr'><strong>statuncula</strong></span> 
     </span>
     <span class='ocr_line' id='line_1_31' title="bbox 847 2927 857 2961; baseline 0 0"><span class='ocrx_word' id='word_1_149' title='bbox 847 2927 857 2961; x_wconf 69' lang='lat'><em>2</em></span> 
     </span>
     <span class='ocr_line' id='line_1_32' title="bbox 303 2967 970 3058; baseline 0.004 -28"><span class='ocrx_word' id='word_1_150' title='bbox 303 3023 307 3030; x_wconf 94' lang='lat'>.</span> <span class='ocrx_word' id='word_1_151' title='bbox 370 2967 413 3032; x_wconf 88' lang='lat' dir='ltr'><strong>Et</strong></span> <span class='ocrx_word' id='word_1_152' title='bbox 428 2970 534 3034; x_wconf 82' lang='lat' dir='ltr'><strong>colore</strong></span> <span class='ocrx_word' id='word_1_153' title='bbox 547 2990 611 3033; x_wconf 91' lang='lat' dir='ltr'><strong>non</strong></span> <span class='ocrx_word' id='word_1_154' title='bbox 627 2967 822 3058; x_wconf 85' lang='lat' dir='ltr'><strong>significante</strong></span> <span class='ocrx_word' id='word_1_155' title='bbox 835 2969 970 3034; x_wconf 85' lang='lat' dir='ltr'><strong>factum:</strong></span> 
     </span>
     <span class='ocr_line' id='line_1_33' title="bbox 371 3053 1108 3142; baseline -0.004 -19"><span class='ocrx_word' id='word_1_156' title='bbox 371 3053 413 3123; x_wconf 84' lang='lat' dir='ltr'><strong>Et</strong></span> <span class='ocrx_word' id='word_1_157' title='bbox 427 3077 488 3142; x_wconf 81' lang='lat' dir='ltr'><strong>ego</strong></span> <span class='ocrx_word' id='word_1_158' title='bbox 502 3054 624 3121; x_wconf 87' lang='lat' dir='ltr'><strong>habebo</strong></span> <span class='ocrx_word' id='word_1_159' title='bbox 639 3055 764 3120; x_wconf 86' lang='lat' dir='ltr'><strong>tetricas</strong></span> <span class='ocrx_word' id='word_1_160' title='bbox 780 3054 916 3140; x_wconf 84' lang='lat' dir='ltr'><strong>pupillas</strong></span> <span class='ocrx_word' id='word_1_161' title='bbox 934 3056 1108 3131; x_wconf 86' lang='lat' dir='ltr'><strong>oculorum,</strong></span> 
     </span>
     <span class='ocr_line' id='line_1_34' title="bbox 370 3139 1004 3227; baseline 0.003 -23"><span class='ocrx_word' id='word_1_162' title='bbox 370 3139 538 3227; x_wconf 82' lang='lat' dir='ltr'><strong>Tanquam</strong></span> <span class='ocrx_word' id='word_1_163' title='bbox 554 3141 661 3227; x_wconf 91' lang='lat' dir='ltr'><strong>utique</strong></span> <span class='ocrx_word' id='word_1_164' title='bbox 675 3163 739 3206; x_wconf 92' lang='lat' dir='ltr'><strong>non</strong></span> <span class='ocrx_word' id='word_1_165' title='bbox 753 3142 854 3206; x_wconf 84' lang='lat' dir='ltr'><strong>sciens</strong></span> <span class='ocrx_word' id='word_1_166' title='bbox 867 3141 1004 3206; x_wconf 86' lang='lat' dir='ltr'><strong>facta.-</strong></span> 
     </span>
     <span class='ocr_line' id='line_1_35' title="bbox 350 3224 1157 3313; baseline 0.004 -24"><span class='ocrx_word' id='word_1_167' title='bbox 350 3224 402 3289; x_wconf 90' lang='grc' dir='ltr'><strong>Ὀ</strong></span> <span class='ocrx_word' id='word_1_168' title='bbox 417 3226 515 3313; x_wconf 82' lang='lat' dir='ltr'><strong>virgo,</strong></span> <span class='ocrx_word' id='word_1_169' title='bbox 531 3227 617 3291; x_wconf 84' lang='lat' dir='ltr'><strong>venis</strong></span> <span class='ocrx_word' id='word_1_170' title='bbox 634 3225 883 3311; x_wconf 74' lang='lat' dir='ltr'><strong>Clytoemnestrte</strong></span> <span class='ocrx_word' id='word_1_171' title='bbox 896 3226 1096 3313; x_wconf 74' lang='lat' dir='ltr'><strong>sepulchrum</strong></span> <span class='ocrx_word' id='word_1_172' title='bbox 1153 3231 1157 3246; x_wconf 93' lang='lat'>&#39;</span> 
     </span>
     <span class='ocr_line' id='line_1_36' title="bbox 370 3311 1171 3399; baseline 0.004 -24"><span class='ocrx_word' id='word_1_173' title='bbox 370 3311 540 3399; x_wconf 85' lang='lat' dir='ltr'><strong>Postquam</strong></span> <span class='ocrx_word' id='word_1_174' title='bbox 556 3315 722 3391; x_wconf 84' lang='lat' dir='ltr'><strong>coronasti,</strong></span> <span class='ocrx_word' id='word_1_175' title='bbox 737 3326 770 3379; x_wconf 89' lang='lat' dir='ltr'><strong>et</strong></span> <span class='ocrx_word' id='word_1_176' title='bbox 783 3313 886 3379; x_wconf 83' lang='lat' dir='ltr'><strong>libasti</strong></span> <span class='ocrx_word' id='word_1_177' title='bbox 900 3313 1007 3383; x_wconf 89' lang='lat' dir='ltr'><strong>inferis</strong></span> <span class='ocrx_word' id='word_1_178' title='bbox 1021 3313 1171 3379; x_wconf 79' lang='lat' dir='ltr'><strong>inferias?</strong></span> 
     </span>
     <span class='ocr_line' id='line_1_37' title="bbox 284 3397 1038 3486; baseline 0.004 -24"><span class='ocrx_word' id='word_1_179' title='bbox 284 3397 488 3480; x_wconf 69' lang='lat' dir='ltr'><strong>namvenio,</strong></span> <span class='ocrx_word' id='word_1_180' title='bbox 502 3399 638 3486; x_wconf 82' lang='lat' dir='ltr'><strong>perfecta</strong></span> <span class='ocrx_word' id='word_1_181' title='bbox 652 3399 845 3486; x_wconf 83' lang='lat' dir='ltr'><strong>placatione:</strong></span> <span class='ocrx_word' id='word_1_182' title='bbox 869 3400 924 3464; x_wconf 87' lang='lat' dir='ltr'><strong>sed</strong></span> <span class='ocrx_word' id='word_1_183' title='bbox 940 3401 972 3464; x_wconf 89' lang='lat' dir='ltr'><strong>in</strong></span> <span class='ocrx_word' id='word_1_184' title='bbox 987 3423 1038 3465; x_wconf 86' lang='lat' dir='ltr'><strong>tue</strong></span> 
     </span>
     <span class='ocr_line' id='line_1_38' title="bbox 368 3483 1058 3572; baseline 0.003 -24"><span class='ocrx_word' id='word_1_185' title='bbox 368 3483 476 3549; x_wconf 87' lang='lat' dir='ltr'><strong>Metus</strong></span> <span class='ocrx_word' id='word_1_186' title='bbox 490 3486 619 3571; x_wconf 89' lang='lat' dir='ltr'><strong>quidam</strong></span> <span class='ocrx_word' id='word_1_187' title='bbox 633 3484 764 3564; x_wconf 90' lang='lat' dir='ltr'><strong>introiit,</strong></span> <span class='ocrx_word' id='word_1_188' title='bbox 780 3508 874 3572; x_wconf 85' lang='lat' dir='ltr'><strong>quern</strong></span> <span class='ocrx_word' id='word_1_189' title='bbox 888 3487 921 3550; x_wconf 91' lang='lat' dir='ltr'><strong>in</strong></span> <span class='ocrx_word' id='word_1_190' title='bbox 935 3485 1058 3552; x_wconf 74' lang='lat' dir='ltr'><strong>aedibus</strong></span> 
     </span>
     <span class='ocr_line' id='line_1_39' title="bbox 369 3569 1379 3652; baseline 0.006 -18"><span class='ocrx_word' id='word_1_191' title='bbox 369 3569 486 3635; x_wconf 88' lang='lat' dir='ltr'><strong>Procul</strong></span> <span class='ocrx_word' id='word_1_192' title='bbox 500 3572 637 3636; x_wconf 87' lang='lat' dir='ltr'><strong>existens</strong></span> <span class='ocrx_word' id='word_1_193' title='bbox 651 3594 670 3635; x_wconf 86' lang='lat' dir='ltr'><strong>a</strong></span> <span class='ocrx_word' id='word_1_194' title='bbox 684 3571 782 3636; x_wconf 88' lang='lat' dir='ltr'><strong>domn</strong></span> <span class='ocrx_word' id='word_1_195' title='bbox 796 3572 891 3638; x_wconf 88' lang='lat' dir='ltr'><strong>audio</strong></span> <span class='ocrx_word' id='word_1_196' title='bbox 905 3573 1083 3638; x_wconf 86' lang='lat' dir='ltr'><strong>clamorem.</strong></span> <span class='ocrx_word' id='word_1_197' title='bbox 1289 3589 1379 3652; x_wconf 71' lang='lat'><strong>1310</strong></span> 
     </span>
     <span class='ocr_line' id='line_1_40' title="bbox 282 3655 1016 3746; baseline 0.004 -27"><span class='ocrx_word' id='word_1_198' title='bbox 282 3675 355 3720; x_wconf 77' lang='lat' dir='ltr'><strong>aaa.</strong></span> <span class='ocrx_word' id='word_1_199' title='bbox 368 3655 480 3732; x_wconf 85' lang='lat' dir='ltr'><strong>Quid?</strong></span> <span class='ocrx_word' id='word_1_200' title='bbox 501 3657 591 3723; x_wconf 91' lang='lat' dir='ltr'><strong>nobis</strong></span> <span class='ocrx_word' id='word_1_201' title='bbox 606 3657 703 3746; x_wconf 81' lang='lat' dir='ltr'><strong>digna</strong></span> <span class='ocrx_word' id='word_1_202' title='bbox 717 3657 805 3723; x_wconf 88' lang='lat' dir='ltr'><strong>luctu</strong></span> <span class='ocrx_word' id='word_1_203' title='bbox 818 3659 1016 3742; x_wconf 69' lang='lat' dir='ltr'><strong>contingunt.</strong></span> 
     </span>
     <span class='ocr_line' id='line_1_41' title="bbox 282 3741 948 3830; baseline 0.006 -26"><span class='ocrx_word' id='word_1_204' title='bbox 282 3741 485 3808; x_wconf 75' lang='lat' dir='ltr'><strong>nenFausta</strong></span> <span class='ocrx_word' id='word_1_205' title='bbox 498 3743 643 3829; x_wconf 88' lang='lat' dir='ltr'><strong>loquere:</strong></span> <span class='ocrx_word' id='word_1_206' title='bbox 667 3745 742 3830; x_wconf 87' lang='lat' dir='ltr'><strong>quid</strong></span> <span class='ocrx_word' id='word_1_207' title='bbox 759 3745 831 3809; x_wconf 87' lang='lat' dir='ltr'><strong>novi</strong></span> <span class='ocrx_word' id='word_1_208' title='bbox 845 3743 948 3810; x_wconf 82' lang='lat' dir='ltr'><strong>dieisl</strong></span> 
     </span>
     <span class='ocr_line' id='line_1_42' title="bbox 281 3827 1262 3906; baseline 0.008 -16"><span class='ocrx_word' id='word_1_209' title='bbox 281 3847 354 3891; x_wconf 75' lang='lat' dir='ltr'><strong>aas.</strong></span> <span class='ocrx_word' id='word_1_210' title='bbox 365 3827 537 3894; x_wconf 84' lang='lat' dir='ltr'><strong>Decretum</strong></span> <span class='ocrx_word' id='word_1_211' title='bbox 550 3841 598 3894; x_wconf 90' lang='lat' dir='ltr'><strong>est</strong></span> <span class='ocrx_word' id='word_1_212' title='bbox 612 3828 685 3894; x_wconf 85' lang='lat' dir='ltr'><strong>hnic</strong></span> <span class='ocrx_word' id='word_1_213' title='bbox 701 3830 781 3906; x_wconf 88' lang='lat' dir='ltr'><strong>urbi,</strong></span> <span class='ocrx_word' id='word_1_214' title='bbox 796 3829 892 3896; x_wconf 89' lang='lat' dir='ltr'><strong>hodie</strong></span> <span class='ocrx_word' id='word_1_215' title='bbox 902 3833 1034 3896; x_wconf 85' lang='lat' dir='ltr'><strong>Oresten</strong></span> <span class='ocrx_word' id='word_1_216' title='bbox 1049 3840 1082 3894; x_wconf 88' lang='lat' dir='ltr'><strong>et</strong></span> <span class='ocrx_word' id='word_1_217' title='bbox 1094 3849 1147 3896; x_wconf 88' lang='lat' dir='ltr'><strong>me</strong></span> <span class='ocrx_word' id='word_1_218' title='bbox 1159 3833 1262 3898; x_wconf 88' lang='lat' dir='ltr'><strong>mori.</strong></span> 
     </span>
     <span class='ocr_line' id='line_1_43' title="bbox 281 3915 937 4006; baseline 0.009 -30"><span class='ocrx_word' id='word_1_219' title='bbox 281 3915 470 3993; x_wconf 69' lang='lat' dir='ltr'><strong>nsambsit,</strong></span> <span class='ocrx_word' id='word_1_220' title='bbox 486 3937 557 3980; x_wconf 89' lang='lat' dir='ltr'><strong>eom</strong></span> <span class='ocrx_word' id='word_1_221' title='bbox 573 3938 628 3980; x_wconf 85' lang='lat' dir='ltr'><strong>vos</strong></span> <span class='ocrx_word' id='word_1_222' title='bbox 644 3916 711 3980; x_wconf 89' lang='lat' dir='ltr'><strong>sitis</strong></span> <span class='ocrx_word' id='word_1_223' title='bbox 724 3917 787 3980; x_wconf 82' lang='lat' dir='ltr'><strong>mei</strong></span> <span class='ocrx_word' id='word_1_224' title='bbox 801 3917 937 4006; x_wconf 81' lang='lat' dir='ltr'><strong>cognati.</strong></span> 
     </span>
     <span class='ocr_line' id='line_1_44' title="bbox 283 3999 1092 4092; baseline 0.005 -28"><span class='ocrx_word' id='word_1_225' title='bbox 283 3999 535 4066; x_wconf 75' lang='lat' dir='ltr'><strong>aasDacr&#39;etum</strong></span> <span class='ocrx_word' id='word_1_226' title='bbox 550 4015 611 4067; x_wconf 85' lang='lat' dir='ltr'><strong>est:</strong></span> <span class='ocrx_word' id='word_1_227' title='bbox 634 4023 742 4068; x_wconf 85' lang='lat' dir='ltr'><strong>sumus</strong></span> <span class='ocrx_word' id='word_1_228' title='bbox 755 4003 787 4067; x_wconf 91' lang='lat' dir='ltr'><strong>in</strong></span> <span class='ocrx_word' id='word_1_229' title='bbox 797 4005 878 4092; x_wconf 83' lang='lat' dir='ltr'><strong>jugo</strong></span> <span class='ocrx_word' id='word_1_230' title='bbox 892 4003 1092 4068; x_wconf 61' lang='lat' dir='ltr'><strong>uecfflitatis.</strong></span> 
     </span>
     <span class='ocr_line' id='line_1_45' title="bbox 280 4085 976 4172; baseline 0.007 -24"><span class='ocrx_word' id='word_1_231' title='bbox 280 4085 418 4150; x_wconf 69' lang='lat' dir='ltr'><strong>suntin</strong></span> <span class='ocrx_word' id='word_1_232' title='bbox 433 4101 600 4172; x_wconf 87' lang='lat' dir='ltr'><strong>propterea</strong></span> <span class='ocrx_word' id='word_1_233' title='bbox 612 4101 660 4154; x_wconf 87' lang='lat' dir='ltr'><strong>est</strong></span> <span class='ocrx_word' id='word_1_234' title='bbox 673 4089 794 4154; x_wconf 85' lang='lat' dir='ltr'><strong>elamor</strong></span> <span class='ocrx_word' id='word_1_235' title='bbox 807 4091 840 4154; x_wconf 91' lang='lat' dir='ltr'><strong>in</strong></span> <span class='ocrx_word' id='word_1_236' title='bbox 855 4088 976 4154; x_wconf 78' lang='lat' dir='ltr'><strong>dmno?</strong></span> 
     </span>
     <span class='ocr_line' id='line_1_46' title="bbox 282 4172 1157 4276; baseline 0.005 -41"><span class='ocrx_word' id='word_1_237' title='bbox 282 4191 357 4235; x_wconf 77' lang='lat' dir='ltr'><strong>aas.</strong></span> <span class='ocrx_word' id='word_1_238' title='bbox 365 4172 507 4258; x_wconf 81' lang='lat' dir='ltr'><strong>Supplex</strong></span> <span class='ocrx_word' id='word_1_239' title='bbox 520 4173 694 4258; x_wconf 76' lang='lat' dir='ltr'><strong>procedens</strong></span> <span class='ocrx_word' id='word_1_240' title='bbox 707 4175 748 4240; x_wconf 87' lang='lat' dir='ltr'><strong>ad</strong></span> <span class='ocrx_word' id='word_1_241' title='bbox 761 4197 866 4276; x_wconf 50' lang='lat' dir='ltr'><strong>Qua</strong></span> <span class='ocrx_word' id='word_1_242' title='bbox 882 4175 1018 4242; x_wconf 77' lang='lat' dir='ltr'><strong>Helenes</strong></span> <span class='ocrx_word' id='word_1_243' title='bbox 1031 4173 1157 4240; x_wconf 82' lang='lat' dir='ltr'><strong>clamat.</strong></span> 
     </span>
     <span class='ocr_line' id='line_1_47' title="bbox 279 4256 970 4340; baseline 0.007 -19"><span class='ocrx_word' id='word_1_244' title='bbox 279 4256 471 4333; x_wconf 76' lang='lat' dir='ltr'><strong>unsQuis?</strong></span> <span class='ocrx_word' id='word_1_245' title='bbox 492 4280 557 4324; x_wconf 91' lang='lat' dir='ltr'><strong>non</strong></span> <span class='ocrx_word' id='word_1_246' title='bbox 571 4262 646 4326; x_wconf 88' lang='lat' dir='ltr'><strong>satis</strong></span> <span class='ocrx_word' id='word_1_247' title='bbox 659 4261 735 4340; x_wconf 87' lang='lat' dir='ltr'><strong>scio,</strong></span> <span class='ocrx_word' id='word_1_248' title='bbox 750 4263 811 4326; x_wconf 79' lang='lat' dir='ltr'><strong>nusi</strong></span> <span class='ocrx_word' id='word_1_249' title='bbox 824 4275 859 4326; x_wconf 91' lang='lat' dir='ltr'><strong>tu</strong></span> <span class='ocrx_word' id='word_1_250' title='bbox 873 4261 970 4326; x_wconf 87' lang='lat' dir='ltr'><strong>dicas.</strong></span> 
     </span>
     <span class='ocr_line' id='line_1_48' title="bbox 280 4342 1137 4434; baseline 0.001 -25"><span class='ocrx_word' id='word_1_251' title='bbox 280 4342 462 4410; x_wconf 77' lang='lat' dir='ltr'><strong>susMiser</strong></span> <span class='ocrx_word' id='word_1_252' title='bbox 477 4345 606 4412; x_wconf 83' lang='lat' dir='ltr'><strong>Orestes</strong></span> <span class='ocrx_word' id='word_1_253' title='bbox 620 4357 700 4428; x_wconf 79' lang='lat' dir='ltr'><strong>mot,</strong></span> <span class='ocrx_word' id='word_1_254' title='bbox 715 4369 756 4414; x_wconf 91' lang='lat' dir='ltr'><strong>ne</strong></span> <span class='ocrx_word' id='word_1_255' title='bbox 769 4348 942 4426; x_wconf 73' lang='lat' dir='ltr'><strong>occiduum</strong></span> <span class='ocrx_word' id='word_1_256' title='bbox 957 4361 989 4414; x_wconf 89' lang='lat' dir='ltr'><strong>et</strong></span> <span class='ocrx_word' id='word_1_257' title='bbox 1002 4369 1063 4434; x_wconf 88' lang='lat' dir='ltr'><strong>pro</strong></span> <span class='ocrx_word' id='word_1_258' title='bbox 1075 4367 1137 4412; x_wconf 76' lang='lat' dir='ltr'><strong>me.</strong></span> 
     </span>
    </p>
   </div>
   <div class='ocr_carea' id='block_1_3' title="bbox 0 0 1396 4864">
    <p class='ocr_par' dir='ltr' id='par_1_3' title="bbox 0 0 1396 4864">
     <span class='ocr_line' id='line_1_49' title="bbox 0 0 1396 4864; baseline 0 2"><span class='ocrx_word' id='word_1_259' title='bbox 0 0 1396 4864; x_wconf 95' lang='lat' dir='ltr'><strong> </strong></span> 
     </span>
    </p>
   </div>
  </div>
 </body>
</html>
