2794 4856
362 195 754 308 Haerentem.
1035 250 1122 311 ses¹

130 413 227 481 Possim
251 409 397 497 excipere
419 433 491 478 curu
516 413 638 500 magnis
661 413 767 500 copiis.
806 412 950 480 Primum
973 410 1100 500 quidem

194 499 398 586 speculatores

128 587 233 655 Mittam
247 586 289 651 ad
303 588 416 668 ipsum,
431 605 472 652 ne
486 605 537 650 me
550 585 651 650 inscio
664 586 696 650 ia
710 603 764 650 noe
778 585 938 652 munte-

129 669 248 752 Qnilibet
263 672 349 737 enim
363 673 410 736 vir
426 671 521 759 Argis
534 671 624 736 veles
639 670 772 736 bellator
785 685 875 736 est·-

130 761 165 824 Et
176 757 346 826 sacrificabo
360 769 447 822 vates
461 779 667 844 congregans.
696 757 750 824 Tu
766 779 841 824 reso
855 758 888 824 iu
902 755 986 824 oetles

127 845 192 910 Cum
205 846 307 931 pueris
321 844 494 932 ingredere,
508 841 688 931 relinquens
701 865 790 910 arem
804 843 902 910 Jovis.
1025 853 1102 912 *840

127 932 195 998 Sunt
206 931 287 996 enim
302 932 358 1017 qui
371 931 428 1007 tui,
444 931 566 995 etiamsi
581 953 641 1020 ego
655 929 731 995 foris
744 929 846 1008 mero,

127 1019 229 1084 Curam
242 1016 415 1084 habebunt.
437 1015 653 1086 thmohrun
666 1016 699 1080 iu
714 1015 796 1082 sedes
810 1017 866 1094 ito,
879 1036 987 1083 senex.

125 1103 189 1170 Non
200 1103 374 1190 relinquam
389 1123 494 1178 ersm3
516 1101 660 1168 sedemus
676 1103 721 1168 uti
746 1125 785 1168 oe

124 1191 272 1276 Supplices
287 1202 323 1255 ut
336 1189 444 1254 civitas
458 1189 540 1254 bene
554 1211 620 1254 rem
634 1201 723 1277 geret
758 1189 788 1255 ic
802 1198 981 1254 manentes:

125 1275 183 1343 Ubi
195 1289 295 1342 eutem
310 1276 350 1342 ab
363 1275 426 1340 hoc
440 1276 611 1341 certamine
623 1275 775 1361 preclare
789 1272 912 1351 abieris,
978 1289 984 1300 '

126 1365 199 1428 Tunc
213 1363 325 1428 ibimus
340 1362 373 1428 in
387 1361 489 1427 edes:
511 1361 572 1426 diis
585 1373 690 1430 autem
705 1385 770 1428 non
784 1359 990 1427 deterioribus

122 1449 216 1525 Quam
232 1449 354 1536 Argivi,
369 1448 461 1514 sociis
473 1449 601 1529 utimur,
616 1448 650 1515 0
666 1449 752 1514 Rene

121 1535 195 1600 Nam
209 1534 269 1599 illie
279 1535 407 1620 quidem
421 1547 536 1620 prseest
549 1535 645 1612 June,
661 1536 778 1620 conjux
792 1533 890 1610 Jovie,

120 1621 211 1687 Nobis
225 1643 301 1686 vero
312 1621 464 1686 Minerva
491 1621 577 1685 Dico
591 1634 708 1699 autem,
722 1623 763 1687 ad
777 1619 956 1686 felicitatem

117 1709 157 1772 Et
169 1707 226 1772 hoe
239 1708 315 1772 dece
328 1702 444 1772 habere
458 1699 712 1789 praestantiorese'
985 1727 989 1734 ’
1041 1708 1104 1767 850

120 1793 215 1858 Pallae
228 1794 312 1860 euim
328 1813 391 1856 non
406 1793 544 1877 patietur
557 1815 590 1858 se
604 1793 698 1858 rinei.

36 1901 109 1946 cuo.
119 1879 197 1946 Situ
212 1879 379 1966 magnifice
392 1877 611 1966 gloriariaulii
951 1873 1104 1959 (strophe.)

117 1966 188 2030 Non
200 1967 266 2031 ideo
279 1979 310 2029 te
324 1963 398 2050 plue
410 1977 532 2043 curant,
801 2000 803 2008 ·

117 2051 249 2138 Hospes,
266 2053 296 2116 Ο
310 2051 404 2138 Argis
419 2051 475 2116 lure
487 2049 646 2136 prolectet

115 2139 385 2225 Magniloquentie
397 2136 507 2202 seltem
522 2157 623 2202 meam

114 2223 257 2289 Mentem
271 2244 336 2288 nou
351 2223 493 2288 terrebis.

115 2311 284 2397 Nunquam
300 2309 379 2374 adeo
395 2310 517 2396 magnis

113 2396 157 2462 Et
169 2395 628 2483 pulchre-eborers-agentibus
644 2392 778 2460 Athenis
792 2395 846 2459 hec

113 2481 267 2548 Accidetl
292 2496 328 2546 tu
342 2503 417 2546 vero
431 2503 538 2546 amens
552 2496 583 2545 et
597 2483 649 2546 ille
663 2481 717 2568 qui
732 2479 828 2568 Argis

113 2569 256 2636 Stheneli
257 2571 361 2653 filiae,
377 2577 421 2632 ert
435 2579 603 2655 tyrannus:
1045 2568 1108 2627 860

111 2656 180 2734 Qui
195 2655 305 2720 urbem
321 2651 478 2738 profectus
492 2657 527 2718 in
541 2653 647 2733 ubam,
1017 2647 1109 2730 (ant.)

111 2745 190 2806 Non
205 2742 361 2806 minorem
378 2741 485 2828 Argis,

111 2829 260 2893 Deorum
275 2826 432 2911 supplices
446 2825 553 2891 exules

109 2913 265 3000 Metaque
279 2925 372 2978 terrae
387 2911 583 2977 adherentes

109 3001 306 3084 Peregrinus
321 2999 456 3062 existens
471 2991 642 3062 violenter·

107 3086 243 3163 Trahie,
260 3107 324 3150 non
338 3085 452 3150 cedens
465 3107 500 3148 re
524 3084 603 3159 'bru¹

107 3173 230 3259 Neque
244 3171 416 3258 quidquem
430 3105 532 3234 atiel*
527 3169 604 3255 justi
618 3165 737 3232 dicens.

108 3259 260 3326 Ubinam
277 3259 346 3322 haec
362 3259 491 3324 bmseste
505 3257 569 3320 sint
773 3259 777 3266 '

104 3345 237 3412 Saltem
252 3342 338 3430 apud
352 3365 437 3408 sense
451 3343 564 3408 meotis
578 3340 730 3406 homines.

103 3434 186 3498 Pax
202 3429 422 3515 mibiquidem
439 3429 561 3513 placet:
872 3421 983 3506 (epea)
1050 3425 1115 3489 870

100 3519 188 3584 Tibi
206 3539 293 3597 vero,
309 3516 341 3583 Ο
355 3513 449 3581 stulte
463 3535 531 3592 rex,

101 3605 217 3682 Dico,
232 3603 304 3667 siin
320 3615 436 3666 terram
452 3601 566 3678 venias,

101 3691 190 3756 Non
208 3689 264 3765 aio,
277 3711 349 3774 quae
364 3699 466 3772 putee,
480 3684 690 3773 consequeris.

100 3777 192 3842 Non
210 3776 270 3840 tibi
285 3775 343 3840 soli
358 3773 459 3856 haste,
474 3795 531 3838 ne·

122 3886 174 3929 ue
190 3861 325 3948 clypeus
340 3883 404 3924 aere
418 3861 559 3926 munltus
574 3869 629 3925 est·

96 3887 176 4015 god
196 3949 233 4014 Ο
249 3947 320 4014 belli
335 3946 434 4025 aride,

95 4036 161 4100 Ne
181 4033 297 4099 Marte
312 4033 390 4098 mihi
405 4031 535 4098 collidas

91 4121 231 4186 Amice
245 4143 279 4186 se
292 4119 463 4184 habentem

92 4208 303 4283 Civitatem,
318 4207 371 4272 sed
388 4204 496 4270 inhibe
510 4219 553 4268 te.

24 4320 61 4362 μ.
87 4293 131 4360 O
150 4292 224 4374 fili,
239 4292 316 4380 quid
331 4291 409 4358 mibi
423 4310 596 4389 moerorem
611 4285 710 4356 oeulis
723 4283 826 4352 serem
939 4350 942 4360 ,
1059 4281 1126 4346 880

555 4397 589 4439 ιι
607 4385 625 4439 3
