2888 4856
501 209 793 278 ELECTRA.
1131 221 1190 280 ru

185 383 327 450 Audiens
341 397 447 450 sutem
463 383 532 452 haee
547 385 723 471 AEgisthus,
739 383 810 449 haeo
824 383 911 462 dicit,

184 469 280 536 Nuno
294 469 423 558 quidem
440 472 523 556 npud
540 485 736 558 nosoportet
750 470 897 536 convivas
911 471 1004 536 simul

186 555 367 622 Exhilarari
381 559 542 622 convivio:
566 579 639 622 nam
655 558 749 623 boves
763 555 893 622 immolo
1127 567 1189 626 780

185 641 364 728 Nymphis:
387 665 480 708 mnne
493 666 569 709 vero
583 645 710 710 excitati
724 666 743 708 e
756 641 847 720 lecto,

186 727 309 794 Eodem
325 730 520 814 pervenietis.
566 730 630 797 Sed
645 729 861 818 ingrediamur
875 729 1018 809 domum,

187 813 306 966 &Simul
330 837 370 880 ue
383 814 454 881 haec
468 816 604 894 dioebst,
619 831 651 881 et
663 817 819 902 prehensa
832 837 928 880 manu

222 901 321 966 educe
344 914 376 966 nt
392 905 473 984 nos)
492 924 594 990 neque
607 903 764 990 denegare
777 901 823 966 les
837 915 915 968 erat.

147 1007 153 1017 ’
189 986 274 1052 Cum
289 999 392 1052 autem
408 988 441 1053 in
455 988 577 1055 sedibus
591 1010 737 1065 essemus,
753 987 822 1052 huso
837 987 935 1052 dixit:

192 1073 337 1138 stscrs
350 1096 446 1159 quam
460 1074 623 1140 celerrime
637 1076 706 1161 quis
720 1073 896 1160 hospitibus
909 1072 1027 1150 efferat,

190 1159 238 1226 Ut
252 1159 293 1224 sd
309 1181 396 1224 arem
410 1173 493 1226 stent
506 1183 566 1247 pro
620 1181 735 1248 aquam
750 1159 920 1224 lustralem.

189 1245 253 1310 Sed
269 1247 313 1310 uit
328 1245 473 1312 Orestese
496 1269 527 1312 m
560 1251 592 1312 'o
608 1248 730 1313 lustrati
744 1267 853 1311 sumus

190 1331 343 1396 Lavacris
357 1333 444 1416 puris
458 1355 499 1398 ex
515 1335 606 1399 undis
620 1333 808 1400 fluvialibus.

191 1419 226 1484 Si
241 1439 316 1483 vero
330 1419 377 1482 las
391 1431 438 1484 est
451 1422 634 1508 peregrinos
648 1419 823 1486 sacrificare
838 1439 911 1484 cum
926 1419 1056 1495 civibus,
1132 1425 1194 1486 790

191 1502 348 1588 AEgisthe,
364 1509 465 1588 persti
480 1529 588 1584 sumus,
604 1529 706 1594 neque
721 1507 754 1572 Ο
769 1527 837 1580 rex,
854 1507 909 1568 lroc
922 1523 1112 1570 recusamus.

192 1589 294 1656 Hunc
309 1603 412 1657 autern
428 1614 604 1658 sermonem
620 1594 795 1658 omiserunt
809 1591 849 1655 de
864 1591 969 1655 medio
983 1591 1151 1656 mediorum.-

191 1677 338 1764 Cumque
352 1675 567 1762 deposuissent
581 1678 694 1756 hostes,
713 1677 810 1764 Regis
823 1677 989 1754 tutamina,

192 1762 330 1839 Famuli,
345 1762 387 1827 ud
401 1785 482 1847 opus
495 1787 604 1830 ornnes
619 1767 826 1830 admoverunt
842 1785 961 1826 manus.

191 1851 237 1914 Et
259 1849 313 1914 alii
336 1849 462 1948 quidem
486 1851 644 1917 victimam
666 1849 876 1927 adducebant,
892 1848 945 1913 elii
967 1869 1041 1912 vero
1054 1847 1197 1914 ferebant

276 1949 425 2014 cenutre,

193 2018 260 2086 Alii
276 2042 350 2086 vero
364 2021 469 2106 ignem
484 2022 696 2088 uceendebsnt
710 2037 742 2088 et
756 2023 841 2087 circa
855 2021 961 2086 focum

193 2105 467 2258 laebetusberectos
488 2109 704 2174 collocabant:
735 2123 900 2194 totumque
924 2119 1040 2172 tectum
1063 2119 1198 2192 perstre·

279 2215 321 2278 pe
343 2207 384 2259 ut.
1151 2232 1156 2243 ·

196 2277 338 2345 Meritus
354 2303 428 2346 vero
441 2294 505 2345 tuae
520 2282 628 2346 metris
643 2279 760 2346 molam
775 2280 888 2346 selsam
899 2291 1061 2364 acceptam

276 2365 337 2430 ecit
352 2369 481 2446 inuras,
496 2365 570 2432 tulis
584 2365 777 2453 profundens
793 2369 904 2432 verbs:

194 2449 229 2516 0
287 2451 417 2537 ymphoe
445 2452 600 2530 sedenim,
625 2457 698 2518 dote
727 2467 763 2518 ut
789 2475 850 2542 ego
878 2473 963 2537 sepe
992 2451 1086 2514 boses
1116 2453 1200 2518 uobis

283 2551 417 2603 mactem
1139 2547 1202 2605 800

197 2621 309 2710 thue
324 2622 485 2710 Tyndaris
498 2647 580 2689 uxor
596 2647 675 2702 mea,
690 2647 763 2712 qum
777 2626 809 2690 in
826 2625 945 2690 aedibus
960 2635 1013 2700 est,

197 2709 248 2776 Ut
260 2730 357 2790 nuno,
371 2731 435 2776 rem
447 2723 602 2798 gerentes,
617 2733 704 2776 meos
719 2733 795 2776 vero
810 2711 954 2776 inimicos
968 2709 1071 2775 mele:

197 2794 388 2884 Significant·
402 2795 548 2864 Orestem
562 2811 594 2862 et
608 2813 650 2863 te.
696 2797 854 2862 Dominus
868 2819 943 2862 vero
958 2815 1045 2861 meus

198 2881 370 2948 connexis
383 2885 579 2970 precabatur,
598 2905 660 2948 non
675 2885 759 2948 clare
774 2905 850 2949 voce
864 2881 1025 2968 proferens
1038 2882 1144 2961 rerba.

198 2969 401 3053 Recupenre
421 2981 567 3056 puternss
589 2969 681 3034 tedes.
727 2969 809 3034 Cum
825 2985 930 3034 sutem
946 2989 986 3032 ex
1002 2971 1139 3036 canistro
1153 2989 1204 3034 oe-

308 3053 381 3120 imm

200 3137 367 3226 AEgisthus
381 3155 501 3206 rectum
516 3141 665 3220 cultrum,
680 3141 828 3207 vitulinos
842 3141 924 3228 pilos

202 3225 371 3304 Reuersus,
386 3228 419 3291 in
434 3227 596 3292 lustralem
612 3231 621 3292 i
647 3249 717 3292 nem
733 3229 883 3315 imposuit
899 3229 1023 3308 dextre,

199 3310 418 3400 Meotavitque
432 3313 564 3378 vitulum
579 3315 612 3378 in
623 3251 766 3380 lumeris
779 3337 959 3397 percurrunt,
975 3336 1046 3379 rum
1069 3335 1131 3380 uun
1154 3336 1206 3386 su·

287 3398 445 3464 atulissent
459 3399 604 3464 menibus

203 3483 364 3550 Ministri:
387 3485 457 3550 lroeo
471 3497 576 3550 sutem
590 3484 678 3550 fratri
694 3499 750 3550 tuo
764 3486 861 3552 dixit:

201 3571 290 3638 luter
305 3571 453 3636 honestae
467 3583 550 3637 ortes
559 3574 682 3658 jactant
696 3572 778 3658 opud
795 3571 966 3638 Thessalos
1142 3579 1206 3639 sto

202 3657 281 3724 Hoc
293 3659 384 3722 etium
398 3679 475 3735 esse,
491 3659 630 3744 quisquis
644 3672 769 3724 taurum
784 3659 917 3724 dissecat
931 3657 1065 3744 pulchre

202 3743 630 3918 &mutuitanti
640 3742 980 3898 ltltsllttn
995 3853 1068 3898 ns.

207 3916 267 3981 Ille
285 3937 372 4016 vero·
385 3938 456 3982 cum
480 3917 560 4018 bene
581 3915 785 3982 fabrefactum
809 3917 965 3984 Doricum
986 3917 1123 3982 cultrum
1138 3937 1207 3982 our·

206 4001 728 4190 Re'ioildillllidthnddlillldlldeeoras
743 4103 842 4190 vestes
857 4088 961 4192 tipulis
975 4089 1131 4169 reuicta,

206 4171 359 4327 ilndl
370 4175 1039 4348 tllsstm‘lttlltt‘sslttttltltt’

646 4368 667 4412 'l'
682 4361 694 4412 t
761 4357 763 4364 ¹
