2852 4862
265 257 328 316 404
644 209 971 352 autumnis

348 421 447 486 Juxta
461 429 567 483 autem
584 415 716 482 uberum
730 416 884 482 illecebris
898 417 1037 506 sequitur·

349 505 473 573 Charus
489 505 535 570 As
569 525 663 581 anax,
679 503 827 569 Hectoris
841 503 968 570 liliolus.
1282 514 1337 574 570

263 595 489 664 haemonam
505 515 641 654 vehiculi
654 589 750 655 dorso
764 589 895 668 veheris,

350 677 465 745 Infelix
478 676 601 753 mulier,
616 676 764 742 adsidens
777 677 866 742 aereis

349 766 458 831 Armis
473 761 622 828 Hectoris
636 775 668 828 et
683 761 847 850 Phrygum
862 762 970 849 spoliis

351 850 443 916 Bello
456 847 578 935 captis?

351 935 475 1015 Quibus
492 933 625 1000 Achillis
639 933 721 998 iilius
737 932 917 1000 Phthiotica

350 1020 527 1089 Coronabit
540 1020 658 1107 templa
671 1043 691 1085 a
705 1019 828 1108 Troja?

265 1131 323 1176 an.
354 1109 468 1175 Achivi
483 1107 604 1173 domini
621 1129 672 1174 me
687 1105 857 1171 abducant.
1222 1113 1286 1193 (atr.
1303 1109 1339 1190 Ι.)

265 1195 413 1262 nenHei
427 1195 514 1280 mihi,
530 1192 657 1278 (mihil)
704 1213 759 1257 an.
784 1191 872 1268 Quid
889 1192 990 1278 gemis
1003 1213 1109 1258 meum
1123 1198 1261 1280 preanal

265 1283 433 1359 uacHeu,
449 1281 521 1357 heu,
538 1287 590 1365 (m,
606 1301 634 1343 re
646 1277 670 1360 l)
715 1299 771 1343 an.
795 1278 931 1364 Propter
944 1278 1089 1345 dolores!

265 1366 424 1434 tracHeu
436 1367 581 1452 Jupiter!
627 1385 684 1429 an.
709 1365 841 1450 Propter
855 1365 1066 1431 calamitates!
1285 1376 1341 1433 580

266 1455 379 1520 noco
392 1453 495 1518 liberi.
539 1473 597 1517 art.
620 1449 791 1527 Quondam
807 1449 931 1516 luimus.

264 1541 444 1606 rrecPeriit
455 1537 595 1614 felicitas,
612 1538 704 1624 periit
715 1536 825 1624 Trojs.
1216 1543 1292 1624 (unt.
1308 1541 1342 1620 Ι.)
1412 1577 1413 1584 1

265 1647 322 1693 art.
349 1625 473 1692 Infelix.
517 1645 595 1690 nnc.
620 1623 662 1688 Et
676 1645 818 1688 meorum
832 1622 1006 1688 liberorum
1020 1625 1194 1692 nobilitas-¹

264 1735 323 1780 an.
350 1713 438 1789 Heu,
453 1710 535 1777 heu!
581 1731 658 1776 nac.
684 1709 756 1774 Heu
770 1725 856 1774 certe
869 1732 984 1774 mea-

265 1821 322 1867 arr.
353 1795 462 1864 Mala!
509 1817 585 1862 nac.
608 1795 794 1861 Miseranda
806 1796 952 1883 equidem
966 1796 1170 1863 edomitas—

263 1907 321 1953 art.
347 1885 457 1964 Urbis,
504 1903 580 1948 unc.
604 1882 688 1959 Qum
701 1881 809 1946 firmat„
1223 1886 1289 1964 (stt.
1303 1885 1343 1962 ἓ.)
1412 1955 1413 1972 ¹

263 1993 323 2038 art.
350 1971 473 2036 Redeas
487 1969 528 2034 ad
545 1991 606 2046 nte,
623 1969 778 2034 marite-
1412 1991 1413 2004 ¹

263 2056 450 2126 urevooes
466 2077 571 2120 meum
587 2055 697 2131 filium,

350 2143 418 2220 Qui
431 2141 516 2229 apud
534 2141 700 2207 Plutonem
716 2152 770 2218 est,
787 2141 819 2206 Ο
834 2142 955 2206 misera.

263 2251 320 2296 an.
347 2229 430 2293 Tuae
445 2227 553 2293 uxoris
567 2241 717 2292 tutamen.
1122 2232 1205 2313 (ans.
1219 2231 1265 2314 2.)
1287 2239 1344 2298 ⁵90

264 2337 344 2382 nac.
350 2315 478 2401 Tuque,
492 2312 525 2379 O
540 2327 641 2378 terror
655 2312 860 2392 Achivorum,

350 2399 500 2485 Olimque
514 2399 686 2464 liberorum
701 2415 882 2464 nostrorum

352 2486 565 2573 Primogenite
583 2487 719 2562 Priamo,

351 2573 464 2639 Deduc
479 2595 530 2636 me
544 2571 585 2636 ad
599 2572 724 2637 inferos.

264 2681 320 2726 art.
347 2659 429 2725 Haec
443 2657 596 2725 desideria
611 2680 727 2746 magna
740 2669 820 2736 aaut,
835 2681 947 2748 graves
961 2659 1018 2724 hos
1032 2661 1171 2746 patimur
1184 2663 1319 2740 dolores,

350 2746 506 2812 Pereunte
521 2745 640 2822 Patria,
656 2745 815 2810 doloribus
828 2747 914 2810 enim
927 2746 1053 2811 dolores
1067 2747 1242 2826 adduntur,
1412 2819 1413 2824 ,

350 2833 403 2898 Ex
423 2833 588 2897 inimicitia
612 2832 766 2908 Dmrum‚
787 2832 915 2917 quando
936 2844 1008 2897 tuus
1032 2832 1116 2898 lilius
1136 2835 1251 2924 effirffl't
1272 2837 1343 2904 Plu·

436 2934 541 2984 tonem

349 3004 417 3080 Qui
431 2965 561 3091 proptei
571 3004 715 3070 odiosum
730 3003 903 3070 thalamum
914 3004 1053 3090 perdidit
1066 3007 1219 3096 Pergama
1229 3009 1342 3096 Troja-

350 3089 493 3156 Cruenta
507 3114 581 3155 vero
595 3113 729 3176 corpora
744 3105 940 3156 mortuorum
954 3112 1053 3178 prope
1063 3095 1168 3161 Deam
1186 3095 1343 3162 Palladem

348 3175 537 3326 νυῐιῗίδᾳε
561 3177 707 3242 lanianda
726 3179 849 3264 jacent:
875 3179 990 3265 jugum
1017 3201 1091 3244 vero
1116 3181 1230 3247 senile
1255 3183 1346 3248 subiit

468 3284 506 3326 ro
517 3286 545 3326 a.
1285 3279 1346 3338 500

264 3349 382 3415 nacO
396 3285 515 3434 putria,J
526 3347 558 3414 Ο
574 3349 696 3426 misera,
712 3349 851 3415 relictam
869 3361 901 3414 te
914 3349 1090 3436 deploro-

349 3434 446 3500 Nunc
460 3435 554 3500 linem
572 3435 778 3501 miserabilem
793 3437 952 3501 vides-et
966 3459 1026 3526 ego
1047 3438 1174 3518 domus,
1188 3441 1225 3506 in
1239 3465 1302 3532 qua
1314 3443 1346 3507 iu

433 3519 536 3586 lucem
550 3521 636 3587 edita
649 3545 728 3587 sum.

348 3609 382 3676 O
395 3607 464 3684 lilii,
479 3607 601 3674 deserta
615 3608 723 3675 civitas
739 3621 837 3673 mater
851 3621 955 3674 vestra
967 3609 1130 3674 deseritur.

347 3694 461 3772 Qualis
475 3695 631 3779 planctus,
645 3709 678 3759 et
690 3695 799 3782 quales
814 3696 925 3760 luctus.

349 3779 514 3868 Lacrymre
529 3779 647 3846 stillant
661 3804 702 3846 ex
716 3780 861 3867 lacrymis

347 3867 388 3931 In
401 3881 509 3932 nostra
521 3867 634 3932 domo:
682 3867 713 3931 ui
728 3889 802 3932 vero
817 3881 962 3933 mortuus
976 3881 1032 3948 est,
1047 3867 1179 3933 oblivis-

346 3952 429 4017 citur
442 3953 601 4030 dolotum,
617 3891 718 4018 nullas
730 3951 867 4018 fundens
881 3955 1044 4042 lacrymas.

346 4035 454 4112 Quam
464 4039 617 4124 jucunde
630 4051 701 4104 sunt
715 4039 863 4126 lacrymas
877 4039 1010 4118 afflictis,

347 4123 570 4226 Luctuumque
584 4125 767 4190 lamentatio
780 4139 813 4190 et
827 4125 934 4208 Musa,
948 4149 1022 4214 quae
1036 4125 1165 4194 dolores
1178 4127 1287 4198 hahet.

260 4227 317 4276 att.
341 4208 374 4275 O
390 4223 489 4274 mater
503 4213 573 4295 vni,
588 4212 642 4312 qui
656 4211 731 4276 olim
746 4211 906 4278 eschaeta
920 4213 1057 4302 Argivo·
1287 4225 1354 4286 ato

349 4295 508 4363 Plurimos
521 4297 668 4384 perdidit,
686 4297 846 4380 Hectoris,
862 4298 933 4366 haec
946 4297 1080 4388 aspicis?
