2888 4856
643 203 979 324 ¹austrinis
1027 241 1031 253 ι

362 383 474 470 Ignem
490 379 661 459 lustralem,
676 396 708 447 et
723 379 877 466 duplicem
894 381 1032 448 laborem
1049 383 1163 462 habeo,

361 471 444 534 Cam
461 467 553 532 liceat
567 467 644 532 mihi
662 489 724 532 una
737 489 835 550 opera
849 467 908 533 ista
923 469 983 532 rite
995 469 1176 536 conlisere?

361 555 470 632 Quum
486 567 590 618 autem
605 553 668 618 huc
683 553 819 618 attulero
832 567 928 639 caput
943 553 1123 641 Eurysthei,
1169 556 1176 572 ⁴

360 641 497 724 Propter
507 655 677 726 praesentes
691 655 832 704 mortuos
846 639 982 724 expiabo
998 663 1118 706 manus.
1302 651 1363 708 920

359 725 522 791 Effundite
535 725 647 808 sontes,
662 739 693 791 et
707 725 834 812 abjicite
845 726 982 790 canistra
996 750 1014 790 e
1026 727 1183 792 manibus.

360 811 442 889 Quis
457 813 534 875 mihi
547 812 602 876 dat
616 811 748 876 arcum?
769 813 839 898 quis
853 833 943 877 arma
956 809 1092 878 manns?

363 898 418 962 Ad
434 897 587 986 Mycenas
602 899 702 964 vado:
724 911 850 983 oportet
865 919 977 982 capere

358 983 474 1050 Vectes
487 998 519 1050 et
545 985 554 999 ’
599 1006 663 1062 nes,
679 1000 714 1048 ut
729 983 817 1050 sedes
832 983 1020 1070 Cyclopum,

359 1063 473 1136 Rubra
486 1093 542 1158 reg
577 1094 594 1134 a
607 1084 640 1136 et
653 1069 738 1135 coelis
752 1081 886 1222 appetas,

360 1157 468 1222 Curvo
481 1155 565 1222 ferro
579 1170 714 1222 evertam
730 1179 768 1220 ur
812 1179 853 1220 m.

359 1241 473 1308 Postea
487 1243 658 1319 discedens,
675 1265 746 1306 cum
762 1264 827 1306 non
842 1241 974 1306 haberet
987 1263 1126 1318 currum,
1140 1241 1264 1308 hahere
1280 1267 1316 1308 se

355 1329 503 1405 Dicebat,
519 1343 551 1393 et
564 1329 705 1394 ascendit
719 1329 751 1392 in
768 1348 923 1394 summam
938 1328 1043 1392 sedem
1059 1351 1180 1406 curnis,

356 1414 400 1479 Et
413 1416 598 1480 verberabat
611 1437 689 1492 eam,
704 1436 800 1479 manu
816 1427 966 1500 tanquam
981 1415 1108 1480 stimrdo
1123 1415 1304 1480 verberans.

356 1499 488 1586 Duplex
503 1521 577 1564 sero
593 1501 742 1566 ministris
756 1516 823 1565 erat
837 1502 918 1566 risus
932 1515 1095 1588 metusque
1110 1500 1215 1566 simul.
1299 1509 1361 1567 980

356 1586 400 1652 Et
436 1587 543 1674 uidam
558 1587 618 1652 hoc
631 1587 721 1664 dixit,
737 1587 816 1652 alias
830 1588 863 1650 in
877 1587 974 1652 aliam
992 1589 1140 1653 intuitus:

356 1609 456 1738 Ludit
472 1674 633 1738 uobiscum
648 1672 795 1737 dominus
810 1695 850 1736 aa
865 1670 968 1739 furit?

356 1759 415 1824 Ille
431 1781 504 1824 vero
517 1759 722 1848 gradiebatur
737 1781 861 1823 sursum
877 1771 909 1822 et
923 1758 1068 1824 deorsum
1084 1762 1118 1826 in
1131 1761 1242 1838 dome,

271 1865 275 1875 ¹
355 1845 494 1909 Veniens
516 1869 590 1911 vero
611 1845 643 1909 in
667 1845 805 1910 mediam
822 1844 971 1910 conclave
984 1847 1135 1926 virorum,
1152 1851 1186 1912 in
1200 1847 1357 1912 civitatem

444 1931 513 1995 Nisi

356 2016 472 2082 Venire
487 2040 519 2080 se
533 2017 668 2096 dicebar,
683 2020 838 2107 ingressus
854 2019 936 2083 intra
950 2039 1106 2119 aggerem.

357 2103 559 2168 Recumbens
573 2117 675 2168 autera
692 2105 723 2167 in
740 2105 819 2185 solo,
835 2105 922 2190 quasi
938 2104 1002 2168 itnc
1016 2115 1100 2182 esset,
1116 2119 1207 2189 parat

355 2189 492 2275 Epulasr
516 2190 570 2254 sed
585 2190 679 2253 breve
693 2203 817 2276 tempus
835 2211 932 2258 moras
946 2209 1051 2276 agens,

354 2275 490 2341 Dicebat
505 2299 537 2340 se
551 2275 701 2341 accedere
714 2276 755 2340 ad
770 2297 863 2425 rupes
877 2297 1056 2340 nemorosas
1071 2275 1193 2342 lsthmi.

354 2361 399 2426 Et
412 2361 455 2426 ibi
472 2361 591 2426 nudum
606 2385 720 2446 corpus
735 2385 755 2426 a
768 2363 807 2426 ch
822 2361 936 2448 amyde
950 2362 1075 2438 faciens,

355 2445 439 2512 Cum
454 2448 579 2516 nemine
593 2449 743 2525 certabat,
759 2461 789 2512 et
805 2460 904 2512 tamen
920 2448 1163 2514 renunciabatur
1296 2461 1357 2518 940

356 2533 428 2616 Ipse
442 2557 462 2598 a
476 2557 509 2596 se
523 2533 632 2610 victor,
647 2533 764 2598 nullius
779 2555 799 2597 a
813 2557 845 2597 se
859 2536 929 2598 uicti

357 2619 481 2685 Nomen
495 2617 666 2704 proferens.
710 2619 794 2684 Dira
808 2642 884 2685 rere
898 2619 1076 2706 Eurystheo
1093 2621 1227 2698 minans.

355 2705 433 2770 Erat
449 2705 594 2791 Mycenis
612 2717 646 2769 ut
659 2705 781 2770 aiebats
803 2719 894 2791 pater
906 2721 1012 2770 sutem
1027 2705 1110 2770 illius

352 2793 520 2875 Attingens
537 2790 672 2855 validam
688 2813 829 2868 manum,
845 2793 889 2857 sic
904 2791 1082 2878 alloquutus
1096 2805 1162 2858 est:

354 2877 386 2944 O
401 2877 457 2955 fili,
497 2876 550 2941 uid
565 2876 708 2962 pateris?
730 2877 799 2965 qais
813 2889 857 2942 est
873 2877 923 2942 hie
937 2877 1050 2942 modus
1064 2879 1327 2966 peregrinationis

356 2901 495 3048 HuJusl
510 2964 652 3052 nunquid
670 2963 862 3029 dementavit
876 2977 906 3028 te
921 2963 1024 3028 caedes
1039 2977 1249 3041 mortuorum,

352 3049 445 3124 Quos
465 3051 559 3150 modo
582 3047 784 3114 interfecisti?
808 3049 865 3114 Ille
880 3071 953 3112 vero
968 3051 1070 3134 ipsura
1095 3073 1155 3136 pre
1178 3051 1354 3138 Eurystheo

439 3149 623 3200 exunmans

351 3221 480 3286 Patrem
494 3221 715 3287 formidantem
730 3222 901 3308 supplicem
918 3243 1044 3286 manum
1060 3223 1226 3310 attingere,

352 3307 497 3393 Repellit,
512 3323 645 3393 apparat
658 3323 762 3373 autern
777 3323 955 3393 promptam
972 3306 1153 3390 pharetram

351 3391 396 3457 Et
408 3415 516 3458 arcum
531 3393 594 3459 sais
608 3393 724 3473 liberis,
741 3396 824 3480 ipsos
840 3392 1009 3480 Ernysthei
1024 3395 1130 3460 liberor
1290 3405 1353 3460 950

350 3479 533 3544 lnterficere
546 3503 579 3544 se
593 3495 718 3565 putans.
764 3479 815 3546 llli
830 3503 903 3546 vero
920 3493 1002 3544 metu
1017 3481 1220 3556 consternati,

353 3565 502 3632 Ruebant
516 3565 596 3630 alius
609 3565 682 3642 alio,
698 3569 757 3630 sub
771 3581 869 3632 vestes
884 3567 1009 3653 quidem
1024 3565 1104 3630 alius

353 3651 485 3718 Miserae
499 3653 619 3730 matris,
635 3653 715 3718 alius
728 3675 803 3718 vero
816 3653 875 3716 sub
890 3653 1033 3718 umbram
1049 3652 1218 3730 columnas,

351 3735 444 3803 Alius
457 3737 516 3803 sub
530 3760 628 3817 aram,
642 3740 724 3804 sicut
738 3739 813 3816 avis,
826 3739 948 3824 trepide
962 3735 1053 3824 fugit.

352 3823 459 3890 Mater
473 3839 577 3890 autem
593 3825 724 3890 clamat:
750 3827 782 3890 Ο
795 3826 929 3912 genitor,
944 3826 1020 3911 quid
1036 3823 1129 3906 agis?
1151 3824 1265 3890 liberos

350 3909 502 3976 Occidis?
523 3911 638 3977 clamat
652 3913 745 3976 etiam
761 3933 855 3976 senex
870 3925 902 3976 et
916 3916 1008 3976 turba
1022 3911 1246 3976 ministrorum.

350 3997 366 4061 1
390 4019 422 4060 se
436 4019 512 4062 vero
525 3997 692 4083 insequens
706 4019 838 4082 puerum
853 3997 937 4062 circa
951 3997 1143 4076 columnam,

349 4019 463 4147 lliram
478 4085 624 4147 choream
640 4084 787 4148 adversas
801 4083 914 4168 pedem
929 4083 1013 4164 pueri
1026 4097 1124 4162 stans,

270 4215 275 4222 -
351 4167 439 4232 Ferit
454 4171 485 4232 in
501 4169 617 4254 hepar:
640 4170 771 4255 supiaus
785 4191 859 4234 vero
875 4169 1013 4254 lapideas

350 4253 523 4318 Columnas
539 4257 690 4342 irrigavit,
707 4258 858 4340 expirans
874 4257 980 4322 viam.
