2798 4862
367 233 618 304 remanum
641 235 694 306 m
716 238 904 306 rsums.
1103 245 1169 308 ass
1215 193 1217 198 ⁵

164 413 239 498 Ipsa
253 431 328 476 vero
342 423 427 476 retro
441 411 569 477 vincula
582 424 691 478 tenens
705 413 866 500 hospitum

164 500 238 564 lbat
250 497 414 564 manibuss
437 514 469 564 et
482 497 552 564 boeo
565 515 656 566 erant
669 499 797 586 quidem
811 501 897 566 nobis
909 515 1065 587 suspecta,

164 584 382 652 satisfaciebat
394 595 501 650 tamen
517 585 579 650 tuis
593 585 752 664 ministris,
768 585 800 652 Ο
817 587 897 654 Rex.

160 670 304 738 Tandem
327 693 413 751 vero,
429 675 479 756 (ut
492 671 585 736 nobis
606 671 727 758 aliquid
748 673 847 760 majus
869 673 988 739 scilicet
1008 672 1166 750 videretur

249 761 367 844 auersi

164 843 316 922 Ululavit,
331 857 363 908 et
376 844 514 908 cantavit
527 841 663 910 barbara
1083 853 1166 912 1800

163 929 315 996 Carmina
330 951 439 1018 magos
454 930 590 1007 imitans,
592 931 696 1080 edidis&
711 931 830 998 eaedem
842 933 909 1018 jam
924 935 1070 1017 expiaret.

164 1017 373 1104 Posteaquam
390 1029 494 1082 sutem
509 1017 565 1081 diu
576 1019 605 1080 s'
634 1017 641 1031 '
676 1040 723 1094 us,

163 1102 261 1168 Venit
275 1102 366 1166 uobis
380 1103 413 1166 in
428 1115 577 1180 mentem,
590 1123 631 1167 ne
645 1102 740 1168 soluti
755 1102 894 1191 hospites

164 1188 380 1254 interficerent
395 1211 464 1254 eam
480 1203 511 1253 et
525 1189 708 1274 effirgerent.

164 1274 258 1340 Metu
280 1289 392 1424 gamen
420 1296 462 1341 ue
489 1275 667 1340 videremus
702 1298 751 1358 ea,
781 1299 853 1363 quse
889 1299 953 1341 non
990 1278 1164 1362 oportebat,

248 1383 279 1424 se
304 1383 386 1425 unus

161 1445 284 1528 'I'acite,
300 1447 428 1512 tandem
444 1469 520 1512 vero
534 1445 683 1512 omnibus
696 1447 806 1512 eadem
821 1448 883 1514 fuit
897 1451 1061 1528 sententia,

162 1533 215 1600 Ire
229 1556 278 1612 eo,
294 1533 350 1598 ubi
365 1531 411 1597 iili
426 1545 540 1612 essent,
555 1534 678 1600 etiamsi
692 1535 775 1599 nobis
787 1535 843 1600 hoc
854 1557 918 1600 non
929 1539 1165 1604 concederetur.

162 1620 213 1685 lbi
228 1641 303 1684 vero
317 1619 452 1683 vidimus
468 1621 591 1684 Groeoae
607 1620 694 1684 navis
707 1620 855 1705 scapham

163 1707 207 1772 Et
220 1719 332 1772 nautas
346 1705 576 1793 quinquaginta
590 1707 644 1793 qni
661 1727 763 1771 remos
776 1708 808 1772 in
825 1708 949 1772 scalmia

164 1792 345 1880 Remigium
362 1791 508 1876 palmulis
522 1791 603 1856 bene
617 1793 731 1878 aptatis
745 1792 874 1872 alatum,
917 1827 921 1842 ·
1083 1803 1166 1862 tuto

161 1879 341 1956 Tenebaut,
354 1891 389 1944 et
399 1902 419 1942 a
433 1877 566 1943 vinculis
579 1879 791 1950 adolescentes

168 1966 305 2031 Vidimus
319 1965 434 2029 liberos
449 1965 489 2029 ad
505 1965 638 2050 puppim
654 1967 743 2030 navis
754 1979 882 2031 stantes.

162 2051 275 2118 Contis
286 2074 361 2116 vero
373 2050 426 2116 alii
439 2073 567 2136 proram
583 2052 744 2136 regebant,
760 2052 813 2118 alii
828 2074 903 2117 vero
916 2051 956 2118 ad
971 2053 1112 2139 epotidus

164 2137 348 2204 Ancboram
363 2137 609 2224 suspendebant,
625 2137 677 2202 aiii
692 2151 797 2204 sutem
813 2139 911 2204 soalss

163 2225 374 2311 Properantes
388 2223 589 2289 adducebant
603 2224 635 2288 in
654 2225 811 2301 manibus,
827 2239 859 2292 et
872 2249 890 2290 a
905 2226 1005 2311 puppi

160 2309 367 2378 Concedeute
381 2312 461 2376 mari
477 2309 655 2396 hospitibus
669 2311 872 2376 demiserunt.

160 2397 231 2463 Nos
248 2420 323 2462 vero
336 2419 401 2464 non
474 2411 580 2462 centes
592 2398 684 2476 nobis,
700 2421 798 2485 quum
813 2398 947 2464 vidimus

158 2484 299 2551 Dolosas
312 2499 406 2562 artes,
415 2419 556 2570 bdspitae
569 2505 697 2550 manum
713 2486 886 2571 injecimus,

161 2569 349 2636 Rudentibu
388 2593 439 2648 ue,
454 2584 486 2634 et
500 2593 521 2636 a
533 2571 761 2656 gubernaculo,

160 2657 317 2723 Habenas
332 2593 453 2722 adiens
470 2655 624 2722 voiuimus
640 2659 851 2724 navisbunam
865 2659 997 2744 puppim
1010 2655 1165 2732 habentia,

161 2744 392 2832 Sermonesque
406 2746 514 2808 ibant:
538 2765 635 2830 quare
649 2765 738 2808 mare
750 2745 903 2831 trajicitis,
1081 2750 1161 2809 1321

161 2831 332 2916 Surreptas
346 2831 567 2916 absportantes
581 2851 621 2894 ex
630 2831 688 2894 hoc
697 2842 782 2895 tarra
791 2843 919 2908 statuas,
927 2843 959 2896 et
967 2825 1166 2896 sacerdotes?

161 2916 264 3004 Cujus
279 2916 362 2982 iilius
376 2918 448 3003 quis
461 2915 595 2982 existens
609 2929 644 2981 tu
658 2939 676 2982 e
691 2929 774 2980 terra
787 2915 917 2982 evehis?

159 3001 223 3068 Iiie
236 3003 406 3092 respoudit,
423 3002 552 3069 Orestes
564 3002 658 3090 hujus
671 3001 777 3084 frater,
792 3015 827 3068 ut
841 3004 933 3081 scias,
1052 3037 1055 3042 ·

161 3089 261 3156 Filius
277 3090 536 3179 Agamemnonis,
551 3111 653 3154 meam
667 3088 770 3155 avebo

160 3178 312 3242 Sororem
328 3189 448 3254 nactus,
463 3197 559 3263 quam
574 3176 738 3241 amiseram
755 3199 797 3240 ex
809 3173 944 3242 aedibus.

159 3262 284 3328 Verum
299 3261 504 3328 nihilominus
517 3262 729 3328 retinebamus
743 3263 913 3349 hospitam,

160 3349 208 3416 Et
229 3349 363 3435 pervim
379 3349 464 3435 ipsos
484 3371 598 3437 cogare
619 3347 823 3428 conabamur,
839 3364 875 3415 ut
888 3371 942 3415 uos
955 3348 997 3413 ad
1012 3361 1043 3412 te
1056 3368 1166 3436 seque·

248 3448 353 3501 reuss:
425 3494 430 3503 .

161 3522 262 3590 Unde
276 3545 368 3587 soevae
382 3521 487 3610 plagae
501 3535 592 3588 eraut
605 3543 770 3609 genarum.

161 3608 220 3676 Ilii
234 3609 319 3674 enim
333 3607 451 3674 ferrum
465 3630 529 3672 nou
545 3607 705 3674 habebant
720 3611 754 3673 in
769 3607 923 3684 manibus,
1081 3613 1167 3671 13³0

161 3695 197 3762 N
239 3718 278 3761 ue
291 3717 367 3762 nos:
390 3694 444 3760 sed
460 3695 575 3782 pugnis
589 3715 661 3760 oum
676 3695 809 3780 strepitu
823 3718 874 3760 res
886 3692 1065 3782 gerebatur,

159 3719 330 3850 Edissere
344 3781 386 3847 ab
399 3795 536 3870 utroque
545 3783 667 3868 juvene
677 3781 773 3846 simul

161 3871 203 3936 In
219 3868 317 3934 latera
331 3879 447 3950 nostro,
462 3881 493 3932 et
507 3869 541 3932 iu
556 3868 655 3954 hepar
669 3867 774 3955 injecti
789 3866 979 3941 serebantur,

160 3959 176 4023 1
180 3970 215 4022 ts
228 3969 265 4020 ut
277 3955 425 4021 velociter
435 3967 658 4039 procurrerent
667 3971 698 4018 et
709 3953 794 4019 salva
806 3963 1004 4018 recurrerent
1014 3949 1165 4016 membra.

161 4043 233 4110 Nos
248 4056 354 4108 autem
367 4041 458 4126 malis
472 4042 556 4106 notis
570 4042 689 4128 signati

159 4131 212 4196 Fu
238 4129 319 4194 'mus
333 4130 365 4194 in
380 4127 486 4194 iocum
501 4128 647 4206 arduum,
663 4127 717 4192 aiii
731 4127 858 4214 quidem
873 4125 905 4190 in
921 4111 1023 4211 capite

158 4152 330 4283 Habentes
345 4228 476 4282 cruenta
489 4214 629 4292 vulnera,
644 4213 697 4279 alii
712 4237 788 4280 vero
802 4215 833 4279 in
849 4213 966 4280 oculis:

157 4305 200 4370 In
217 4301 350 4368 collibus
364 4323 440 4368 raro
453 4301 717 4452 stanteaAcpupius
