2802 4858
250 189 310 256 ros
627 131 957 248 nummum

246 373 314 417 soc.
334 350 385 416 Sis
399 349 524 414 lreatusr
547 346 708 433 quomodo
721 332 797 411 veris
811 347 1006 450 Argivorum
1019 347 1127 433 copias

333 435 478 521 Apertis
492 431 658 520 depulistis
671 434 784 500 inclusi
798 430 964 503 turribus?
1252 440 1319 502 1090

332 521 455 601 Dicito,
470 534 505 586 ut
519 542 638 584 caecum
653 541 760 585 senem
775 519 907 590 domum

332 608 469 672 Veniens
482 607 647 684 oblectem,
663 606 723 675 hac
737 621 820 675 terra
834 617 966 673 servate.

248 693 508 780 nnrr.Postquam
521 693 604 758 filius
620 692 777 769 Creontis,
793 694 848 778 qui
862 707 1007 757 mortuus
1019 702 1067 760 est
1080 712 1143 778 pro
1156 693 1267 781 paula,

333 780 491 845 Turribus
505 781 537 844 in
553 779 682 844 summis
696 792 781 843 stans
793 778 922 864 nigrum
936 799 1043 845 ensem

334 866 397 934 Per
410 880 521 955 guttur
536 866 685 954 transegit
699 879 793 932 terrae
807 863 883 931 huic
897 863 1101 940 salutiferum,

335 953 492 1019 Cohortes
507 951 668 1018 distribuit
681 964 812 1036 septem,
827 965 860 1018 et
874 951 1054 1021 cohortium
1067 949 1167 1018 duces

334 1039 388 1104 Ad
403 1051 523 1124 septem
537 1051 653 1124 portas,
670 1040 814 1105 custodes
831 1038 942 1123 Argiui
955 1037 1122 1117 010101ῐο1,

335 1125 427 1191 Το00
442 1125 535 1204 111100,
551 1126 764 1191 observatores
778 1125 899 1210 equites
913 1123 1041 1211 quidem
1055 1123 1096 1191 ad
1110 1121 1235 1210 equites

336 1209 515 1288 Ordinavit,
532 1226 563 1276 et
576 1211 695 1296 pedites
709 1210 749 1275 ad
762 1209 895 1294 pedites,

335 1299 381 1362 Ut
394 1297 552 1363 laboranti
561 1301 654 1384 parti
669 1318 831 1363 murorum
845 1309 927 1363 esset
940 1297 1099 1364 exercitus
1113 1299 1217 1363 andri
1257 1299 1325 1361 1100

335 1383 497 1451 Defensio.
529 1383 642 1448 Statim
659 1397 763 1448 autem
779 1382 904 1450 arcibus
918 1383 958 1448 ab
973 1383 1082 1450 arduis

335 1469 427 1534 Albis
441 1469 535 1535 scutis
550 1469 698 1534 decorum
714 1469 923 1555 prospicimus
938 1471 1095 1557 Argivum
1108 1469 1281 1540 exercitum

336 1555 544 1628 Teumeesum
560 1555 744 1622 deseruisse:
757 1572 800 1620 et
813 1554 927 1624 laesam
942 1577 1043 1642 prope

338 1642 441 1707 Curru
455 1639 601 1729 adjunxit
618 1645 725 1706 urbem
743 1641 893 1706 Cadmeae
907 1655 1010 1710 terrae.

338 1727 436 1795 Paean
451 1751 526 1794 vero
540 1744 571 1794 et
587 1726 674 1792 tuba
688 1740 862 1793 sonuerunt
875 1729 969 1793 simul

337 1815 419 1880 Inde
432 1826 464 1880 et
478 1815 518 1880 de
534 1814 691 1888 moenibus
705 1837 725 1880 a
739 1813 841 1882 nobis.
1036 1883 1039 1892 .

338 1900 381 1966 Et
418 1901 534 1968 rimum
549 1901 676 1988 quidem
690 1900 822 1970 adduxit
835 1897 877 1966 ad
892 1901 1003 1967 Neitas
1014 1911 1121 1985 porcas

339 1925 514 2053 Cohortem
529 1987 776 2073 crebrisclypeis
791 1987 974 2054 horrentem

338 2072 590 2158 Parthenopaeus
605 2073 687 2142 filius
702 2073 876 2150 venatricis,

338 2159 459 2224 Gerena
474 2158 680 2226 domesticum
695 2161 719 2224 01
744 2159 866 2227 001010
883 2157 1112 2246 1001110010οω
1258 2163 1334 2224 1110

338 2244 520 2313 Ardentem
536 2265 613 2314 arcu
628 2179 1040 2396 010001-000010010001001

339 2329 484 2395 AEtolum
499 2331 732 2398 conficientem.
763 2331 815 2396 Ad
833 2331 935 2406 Proeti
960 2353 1010 2397 ern
1025 2353 1099 2398 vero

243 2465 258 2490 ,
341 2417 472 2484 Portam
487 2417 629 2494 radebat,
644 2418 785 2484 victimas
799 2416 918 2483 habene
932 2419 966 2484 in
980 2439 1077 2487 curru

339 2503 437 2568 Vates
453 2503 676 2587 Amphiaraus,
691 2526 756 2568 non
771 2503 891 2575 habens
905 2505 997 2592 sigua

342 2589 562 2678 Significantia
586 2590 808 2678 arrogantiam,
835 2591 890 2658 scd
912 2590 1054 2660 modeste
1078 2591 1181 2676 sigolt
1206 2590 1340 2660 serentis

288 2697 297 2708 ·
424 2697 523 2742 01100.

343 2761 394 2826 Ad
409 2777 535 2848 portam
550 2785 625 2831 vero
640 2762 799 2850 Ogygiam
820 2763 1047 2848 Hippomedon
1062 2784 1121 2832 rex

341 2848 423 2926 lbat,
439 2848 559 2914 hubens
572 2849 697 2936 signum
713 2849 745 2916 in
762 2852 867 2918 medio
880 2849 1003 2936 010000,
1030 2885 1033 2893 ·
1397 2907 1398 2936 ,

341 2933 445 2999 Variis
461 2937 510 2999 Ar
555 2958 585 3002 m
601 2935 700 3002 oculis
714 2951 905 3015 cernentem,
1397 2949 1398 2994 l

341 3019 432 3084 Alios
446 3024 499 3107 qui
523 3043 573 3086 em
590 3043 661 3088 cum
677 3038 833 3090 astrorum
848 3038 921 3090 ortu
935 3023 1044 3088 oculos

343 3105 528 3184 Cernentes,
543 3107 620 3172 alios
635 3129 710 3173 vero
724 3111 867 3178 occlusos
880 3131 954 3176 cum
966 3113 1060 3176 ostris
1073 3107 1302 3185 occidentibus.
1397 3129 1398 3168 1

342 3190 391 3256 Ut
405 3209 514 3277 postea
529 3195 597 3278 ipso
611 3207 738 3260 mortuo
751 3197 857 3264 videre
871 3197 995 3262 licebat.
1264 3201 1342 3260 1121
1397 3195 1398 3214 ¹

342 3276 396 3341 Ad
410 3292 533 3362 portam
549 3300 624 3344 vero
641 3281 836 3350 Homoloida
849 3285 1018 3350 stationem
1032 3281 1147 3348 babuit
1397 3273 1398 3302 ¹

342 3363 483 3450 Tydeus,
498 3365 617 3431 habens
628 3366 664 3444 jn
679 3367 790 3455 clypeo
804 3369 919 3455 pellem
933 3369 1046 3449 leonis,

344 3449 427 3515 Setis
441 3447 640 3530 horrentem
662 3453 793 3522 dextera
806 3477 881 3523 vero
893 3455 993 3524 facem

343 3534 392 3602 Ut
405 3537 495 3625 gigas
510 3537 728 3621 Prometheus,
742 3541 870 3619 ferebat,
885 3543 1072 3608 1000000010
1086 3541 1211 3608 turbem.

343 3621 398 3689 Ad
414 3623 581 3692 Crenaeanr
597 3647 673 3692 vero
686 3640 813 3712 portam
827 3628 911 3695 filius
925 3643 998 3694 tuus
1014 3627 1182 3715 Polynices

343 3708 451 3775 Duxit
464 3712 586 3796 copias:
604 3712 780 3781 Potniades
794 3737 871 3780 vero
885 3715 919 3780 in
933 3714 1047 3802 clypeo

342 3793 472 3882 Insigne
483 3819 575 3886 equae
588 3799 731 3884 pernices
743 3801 901 3867 saltabant
915 3823 986 3888 prae
998 3814 1095 3879 10001,

345 3881 430 3948 Scite
442 3883 476 3948 in
490 3907 606 3972 gyrum
620 3886 705 3952 intus
720 3887 873 3954 machinis
886 3889 1088 3954 circumactae

344 3965 397 4031 Ad
411 3967 513 4054 ipsum
528 3972 631 4058 clypei
646 3973 859 4053 manubrium,
876 3989 910 4041 ut
923 3974 1031 4042 furere
1045 3973 1238 4042 viderentur.
1267 3987 1353 4046 1130
1397 4033 1398 4042 ,

345 4050 421 4118 Non
436 4055 539 4122 minus
555 4079 631 4124 0000
645 4057 754 4124 Marte
769 4061 802 4124 in
817 4084 927 4148 pugna
941 4061 1048 4128 audax

345 4135 518 4240 (10000000
526 4143 663 4212 adduxit
677 4143 844 4215 cohortem
856 4149 898 4216 ad
908 4163 1036 4237 portam
1052 4145 1231 4220 1110011ωο

346 4221 469 4293 Ferrers
483 4251 557 4298 vero
572 4229 675 4316 clypei
690 4229 801 4318 figuris
813 4235 917 4303 100100
