2828 4864
635 192 967 264 EURIPIDIS

346 368 525 521 nekmuus
539 367 777 520 distillantibus
791 359 946 456 lucrymis.

452 479 469 522 c
483 477 552 521 amn
594 475 636 520 ne

348 546 402 614 Ad
416 563 508 630 quem
524 543 661 628 primum
675 563 695 606 s
708 563 809 626 comm

348 630 555 698 Luceretione
568 627 722 713 primitius
731 627 839 714 jacio?

348 718 402 784 An
416 716 524 781 matris
539 717 644 799 (mere)
661 715 701 780 ed
715 713 814 802 gemi-

348 826 392 869 ne
407 803 504 867 ubere
517 800 606 865 luctis
695 817 699 830 ·

349 893 403 955 An
418 887 604 955 ediretrum

349 975 530 1042 Perniciosa
542 971 672 1036 vulnere
684 966 845 1036 duorum?

349 1059 447 1126 Heul
473 1057 630 1146 Relinque
643 1057 883 1132 tumidorum,

349 1146 493 1213 Efferens
507 1165 626 1210 crocum
640 1143 778 1222 oculum,
795 1143 828 1207 Ο
841 1153 931 1228 puter

350 1234 466 1310 Seuer,
481 1230 620 1308 ostende,
636 1227 669 1294 Ο
684 1229 812 1314 OEdee,

349 1319 455 1385 Tuum
469 1318 615 1382 miserum
629 1315 737 1391 vitem,
753 1315 808 1415 qui
821 1315 906 1379 intre

346 1405 491 1472 Domum
505 1387 673 1490 conjiciens
682 1401 870 1489 caliginosas
880 1399 1023 1465 tenebras
1033 1398 1067 1464 in
1079 1409 1150 1464 tuos
1161 1399 1275 1468 oculos
1286 1412 1358 1468 trs-

348 1491 398 1555 hie
413 1489 541 1576 longum
556 1488 663 1552 vitum.
705 1527 708 1534 ι

349 1574 505 1658 Audiene,
521 1573 553 1638 Ο
567 1575 600 1637 iu
615 1573 712 1638 domo
725 1593 842 1660 regens
855 1571 939 1638 seni·

348 1662 411 1727 len
425 1659 539 1748 pedem
554 1659 649 1724 miser
1265 1669 1359 1728 1540

351 1747 392 1814 In
405 1747 500 1814 cubili
515 1743 644 1811 fovens?
889 1824 892 1832 Δ
1025 1744 1028 1755 ’

266 1855 331 1900 mn.
352 1833 466 1936 Quare
476 1855 536 1910 mc,
553 1831 675 1935 Ofiliu,
686 1828 874 1895 fulcimentis
888 1851 950 1895 cae·

349 1919 682 2072 Ilignegdsteerdlilslffl
695 1917 898 2068 lelitcetlilolu'mis
911 2001 1113 2068 tenebricosis

350 2091 499 2157 MuxIme
512 2088 695 2154 miserendis
707 2088 864 2175 Iscrymis,

351 2177 476 2242 Cenum
490 2187 522 2240 et
535 2175 703 2240 obscurum
717 2175 843 2243 retheris
858 2173 1092 2253 simulachrum,
1107 2187 1162 2240 eut

351 2261 519 2328 Mortuum
533 2260 768 2326 subterraneum
783 2275 841 2326 uus

350 2347 490 2413 Vulnere
503 2345 683 2412 somnium?

266 2433 505 2502 ennMisernm
519 2433 623 2498 nuntii
637 2450 812 2498 sermonem
825 2431 915 2509 feres,

351 2523 495 2605 operer,
510 2517 986 2603 nonumpliustibidliiuident
1266 2531 1361 2592 1550

351 2607 484 2684 Lucem,
500 2627 601 2694 neque
614 2606 767 2690 conjunx,
778 2606 873 2691 juxta
885 2605 1005 2670 buculis

350 2692 435 2770 Qoee
445 2692 557 2778 pedem
568 2703 658 2757 tuum
668 2701 788 2756 cecum
800 2703 832 2756 et
841 2691 1022 2757 ministeriis
1035 2710 1159 2777 semper
1171 2689 1362 2782 laborabat,

221 2835 226 2850 ,
352 2779 385 2843 Ο
398 2793 496 2865 puter,
510 2779 573 2844 heu
586 2775 676 2842 mihi.

266 2883 330 2929 mn.
353 2863 421 2929 Hei
438 2864 515 2930 mihi
530 2866 567 2929 ob
580 2861 766 2930 meemulul

351 2949 476 3016 Prreeto
489 2963 536 3016 est
548 2952 633 3015 enim
687 2947 867 3028 merebroc,
881 2947 1054 3014 vociferari.

351 3035 433 3100 Tres
446 3037 560 3101 enimee
573 3058 638 3138 quo
683 3049 727 3113 to,

350 3120 525 3198 Quomodo
538 3123 731 3208 reliquerunt
745 3120 866 3187 vitem?
887 3121 919 3186 0
934 3120 1009 3196 filie,
1024 3119 1163 3206 loquere.

253 3207 427 3274 menon
441 3208 653 3294 exprobrandi
667 3229 771 3286 muse,
786 3229 845 3273 nec
859 3206 1071 3286 insultatione,

231 3346 237 3359 ,
352 3293 414 3358 Sed
428 3315 500 3358 cum
515 3292 625 3358 dolore
638 3293 727 3371 dico;
749 3307 822 3360 tuus
838 3293 960 3361 Genius
974 3293 1076 3358 mulus

350 3379 466 3444 Gravis
480 3378 592 3467 gladiis
1268 3390 1362 3452 1560

349 3461 394 3528 Et
407 3465 482 3554 igne
492 3477 524 3530 et
537 3465 626 3531 saeris
640 3466 756 3566 pugnis
770 3464 804 3528 in
818 3464 900 3530 lilios
912 3462 1004 3530 irruit
1017 3477 1100 3548 tuus,

349 3552 380 3614 Ο
393 3563 494 3636 puter,
509 3549 562 3616 hei
575 3551 673 3616 mihil

264 3654 329 3700 un.
353 3635 445 3702 Eheu
459 3636 581 3702 eheu—
623 3657 702 3704 sur.
724 3637 884 3708 Quidnam
900 3636 969 3702 brec
983 3635 1114 3724 plores?

264 3741 328 3786 un.
349 3721 481 3788 Liberi!
526 3743 602 3788 nne.
627 3724 711 3788 Vere
723 3723 856 3801 doleres,

349 3807 385 3874 Si
399 3809 525 3874 intuens
538 3829 650 3873 currus
664 3809 870 3896 quadrijugos

350 3893 441 3972 Solis,
457 3892 527 3958 hoec
541 3914 676 3980 corpore
690 3907 889 3960 mortuorum
916 3925 922 3932 ·

348 3978 525 4046 Oculorum
540 3991 667 4046 tuorum
680 3981 748 4044 acie
761 3980 985 4046 considerares.

262 4083 325 4130 mo.
347 4063 497 4129 Meorum
513 4066 639 4153 quidem
654 4065 824 4133 liberorum
840 4065 1039 4132 menifestum
1054 4079 1101 4132 est
1114 4067 1253 4134 mulum:

349 4149 412 4217 Sed
426 4151 539 4218 misere
552 4156 669 4220 con'ux
684 4173 822 4240 quonum
836 4153 902 4218 Into
916 4153 1021 4240 periit,
1038 4155 1073 4218 Ο
1084 4153 1174 4223 elis?

260 4235 518 4325 sunLucrymes
532 4177 681 4328 lugulres
694 4239 871 4308 manifestas
885 4239 1175 4324 omnious-faelem,
1257 4251 1363 4316 ³1570
