2852 4862
504 211 778 284 BACOHAE
1123 229 1186 292 est

183 391 251 464 Ubi
266 407 390 482 oportet
403 391 518 460 choros
530 415 635 482 agere,
650 393 704 458 ubi
719 415 740 458 a
752 371 1185 480 ulnudopstem‘oohtbere,

183 481 228 548 Et
241 493 412 546 concutere
425 501 540 546 canum
554 479 677 566 caput?
696 477 764 544 dux
778 479 839 544 ste
852 481 894 545 sis
907 491 943 546 tu
956 481 1047 562 mibi,

183 569 293 634 Senex
306 567 383 642 aeni,
399 565 543 632 rliresiu:
566 581 600 632 tu
615 567 699 632 enim
714 567 837 652 sepiens
850 589 892 632 ea.

183 653 271 730 Quia
284 675 349 718 non
364 653 563 742 defetigabor
576 673 634 718 neo
648 667 756 730 noctu,
771 673 831 718 nec
844 651 992 733 interdiu,

183 738 313 842 Thyrso
326 739 454 826 pulsans
468 755 600 805 terramt
623 755 843 804 consuetorum
858 739 948 806 obiiti
962 761 1073 806 sumus

182 825 363 892 Exustentea
377 847 476 892 senes.
497 847 567 891 rrtt.
585 825 704 890 Eadem
717 825 813 913 igitur
821 827 937 911 pateris
945 849 1017 913 quse
1027 849 1097 918 ego.
1122 835 1183 898 170

183 911 311 978 Etenim
327 925 360 978 et
447 912 595 998 pubem,
611 925 643 976 et
656 910 824 1000 aggrediar
836 910 961 978 choros.

98 1019 170 1064 cun.
185 997 275 1088 Ergo
288 997 378 1064 rebic
414 1001 440 1062 is
455 999 486 1064 in
502 1014 642 1063 montem
657 997 869 1063 transibimus.

97 1105 166 1150 nn.
183 1085 302 1150 Verum
317 1107 381 1150 non
397 1107 488 1172 seque
501 1084 579 1149 deus
593 1083 812 1162 honoraretur,

98 1191 170 1236 can.
185 1171 287 1239 Senex
302 1193 407 1237 senem
423 1183 458 1236 ut
472 1191 606 1258 puerum
620 1170 734 1236 ducatu
750 1185 781 1236 te
794 1191 863 1260 ego.

97 1275 166 1322 rrtt.
183 1257 258 1344 lpse
271 1257 350 1322 deus
363 1259 431 1322 sina
445 1258 553 1322 labore
566 1255 641 1322 iiiuc
656 1277 714 1322 nos
726 1255 872 1322 deducet.

98 1363 173 1410 cuo.
184 1343 292 1410 Soiine
305 1365 363 1409 nos
376 1343 465 1410 urbis
480 1342 608 1410 Baccho
622 1342 753 1408 choreas
767 1341 990 1408 instituemus?

98 1449 167 1494 rttt.
185 1429 251 1496 Soli
266 1431 350 1494 enim
365 1453 418 1496 nos
431 1431 578 1516 sapimus,
594 1429 703 1495 creteri
716 1451 794 1494 vero
805 1429 975 1516 desipiunt.

98 1537 172 1584 cun.
186 1515 251 1582 lter
265 1529 311 1582 ost
325 1517 475 1606 longum:
496 1516 551 1582 sed
566 1530 601 1583 tu
615 1516 776 1603 prehende
791 1537 891 1581 rneam
908 1537 1046 1582 manum.

99 1622 169 1667 rtrt.
186 1601 279 1681 Eece,
294 1603 453 1692 conjunge
466 1615 498 1668 et
511 1603 626 1689 copula
640 1623 768 1668 menum
784 1613 867 1666 tuom
880 1623 945 1668 curn
960 1625 1038 1670 rnen.

97 1709 170 1756 cto.
182 1687 257 1754 Non
272 1701 440 1756 contemno
453 1710 514 1779 ego
527 1687 606 1754 deos
619 1709 690 1754 cum
706 1689 766 1754 airu
781 1688 931 1755 mortalia
1120 1698 1181 1758 180

97 1795 164 1840 rut.
183 1773 271 1840 Nihil
285 1789 398 1865 argute
411 1775 678 1842 comminiscimur
692 1775 726 1839 in
742 1774 841 1842 Deos.

185 1861 289 1927 Petris
304 1861 497 1940 traditiones,
513 1885 591 1950 ques
604 1875 786 1926 oooetsneaa
799 1861 854 1926 diu

182 1947 360 2028 Servsrnus,
377 1971 429 2014 eas
442 1948 531 2014 nulia
544 1947 744 2014 labefactabit
759 1948 849 2024 ustio,

182 2033 296 2120 Neque
309 2035 336 2100 si
351 2059 369 2100 s
384 2035 515 2100 summis
529 2037 654 2120 sapiens
668 2035 794 2118 oiiquod
806 2033 1003 2121 excogitetur
1018 2033 1160 2122 ingeniis

181 2119 278 2186 Dicet
283 2119 419 2203 sortasse
431 2123 510 2208 quis,
526 2121 611 2208 quod
626 2133 817 2186 senectutem
832 2139 896 2184 non
913 2141 1066 2198 revereat,

181 2205 248 2282 Qui
263 2206 376 2272 saltare
391 2209 564 2280 statuerim,
580 2207 683 2292 capite
696 2227 768 2270 meo
782 2206 896 2272 hedera
912 2203 1090 2272 coronato?

183 2291 257 2358 Non
272 2294 357 2358 enim
371 2292 618 2358 distinctedixit
632 2291 731 2370 Deus,
746 2303 853 2358 utrum
864 2294 1011 2380 juvenem

181 2377 339 2464 Oporteat
353 2379 484 2445 choreus
497 2379 622 2456 ducere,
638 2399 678 2443 sn
694 2379 866 2444 seniorem:

182 2465 246 2530 Sed
260 2465 302 2530 ab
316 2465 462 2532 omnibus
477 2466 543 2530 ruit
557 2464 692 2530 honores
706 2465 822 2530 habere
835 2467 948 2548 puriter

180 2549 385 2630 Communem
400 2574 420 2617 a
434 2551 549 2618 vilibus
562 2573 637 2618 sero
651 2549 730 2616 nihii
744 2553 851 2654 augeri
868 2549 945 2616 suit.
1120 2563 1181 2620 190

97 2657 170 2702 can.
182 2637 268 2714 Quia
282 2651 329 2717 tu,
346 2637 479 2716 Tiresia,
497 2642 601 2704 iumen
618 2639 679 2704 hoc
693 2659 756 2702 non
770 2637 866 2716 videt,

182 2723 254 2810 Ego
267 2725 327 2790 tibi
341 2745 521 2790 sermonum
537 2746 593 2790 ero
608 2724 770 2811 interpres.

184 2809 342 2878 Pentheus
356 2811 408 2877 hic
422 2811 463 2876 ad
477 2811 561 2876 etdes
575 2831 647 2876 curn
663 2809 863 2876 festinatione
876 2811 972 2888 vadit,

181 2895 333 2962 Echionis
346 2897 440 2976 iiiius,
456 2899 506 2962 cui
522 2919 556 2962 re
602 2919 655 2962 um
671 2897 764 2984 hujtts
779 2911 872 2962 tertre
886 2897 1001 2964 tradidi
1015 2917 1081 2983 ego

181 2981 228 3048 Ut
240 2997 290 3048 eat
303 2982 467 3050 turbaturi
491 2985 546 3071 qui
569 3005 642 3048 nam
657 2984 740 3048 dicet
752 2981 853 3048 nosii

96 3087 172 3135 ran.
183 3071 307 3135 Absens
320 3070 446 3157 quidem
462 3091 547 3135 ersm
563 3091 603 3136 est
618 3070 678 3136 hec
692 3083 789 3152 terra,

180 3155 275 3222 Nunc
288 3171 394 3222 sutctn
410 3156 505 3222 sudio
518 3177 602 3222 nova
616 3177 673 3240 per
685 3155 769 3222 hanc
782 3155 940 3222 civitatens
955 3155 1057 3222 moia:

181 3241 333 3308 Mulieres
347 3243 439 3308 nobis
452 3243 566 3308 domos
579 3241 751 3330 reliquisse,

180 3328 277 3394 Fictis
293 3328 562 3408 bacchationibus,
578 3329 612 3394 iu
627 3327 845 3416 umbroaisque

179 3413 348 3480 Montibus
361 3415 520 3482 celebrate
534 3437 651 3482 novum
666 3414 753 3481 bunc
766 3414 861 3480 deum
1115 3421 1180 3480 900

180 3499 368 3588 Dionysum,
385 3503 565 3604 quicunque
579 3501 633 3567 iiie
645 3501 696 3579 sit,
712 3500 905 3566 honorantes
917 3521 984 3565 essm
997 3497 1135 3566 choreist

180 3585 296 3652 Pienos
309 3603 414 3654 sutem
430 3587 538 3654 thiana
552 3589 584 3654 in
599 3587 711 3653 madiis
726 3603 808 3652 stare

179 3673 337 3752 Crateras,
352 3673 444 3740 aiissu
460 3695 536 3740 vero
549 3675 612 3740 aiio
627 3675 659 3738 iu
674 3673 875 3740 solitudine·

178 3759 367 3848 Fugientem
383 3761 533 3826 inservire
546 3759 727 3846 complexui
741 3761 888 3837 marium,

181 3845 340 3998 Prethtu
348 3845 495 3998 1quidun,
512 3849 599 3933 qussi
613 3849 677 3912 sint
692 3845 860 3912 Moensdes
874 3865 962 3910 sacra
976 3857 1160 3932 peragentes

294 3955 347 3998 occ
382 3983 391 4012 ,

179 4019 239 4084 Sed
253 4019 354 4106 ipsam
371 4019 527 4084 Vuerern
542 4019 643 4104 pluris
655 4019 758 4085 iscera
772 4039 865 4104 quam
883 4015 1057 4082 Bocchum.

177 4103 346 4192 Quotquot
359 4107 369 4169 i
395 4107 457 4170 'tur
471 4105 551 4208 cepi,
566 4107 686 4170 vinctas
700 4105 846 4171 manibus

179 4191 312 4258 Servant
325 4213 370 4278 pu
395 4191 462 4258 licis
476 4191 609 4258 t'ntnistri
623 4191 655 4256 iu
668 4191 777 4260 tectim

177 4275 345 4366 Quotquot
360 4299 435 4346 vcro
448 4278 574 4358 absunt,
589 4299 643 4344 eor
655 4299 696 4344 ex
707 4291 816 4346 monte
824 4289 933 4364 captas
943 4271 1179 4354 tucdsducstn,
