2854 4866
530 164 538 174 “
649 199 976 272 nunreinre

269 406 273 423 =
328 409 334 422 ·
356 374 489 443 Utinam
505 396 580 440 vero
593 374 759 461 abjecisset
768 376 939 462 perniciem
952 399 1051 464 supr:
1063 395 1162 468 eaput
1232 389 1303 472 (m,
1317 387 1364 466 e.)

354 464 436 533 Quae
451 461 610 548 quondam
628 463 749 548 peperit
764 463 869 542 Parin,

403 549 410 563 '
514 571 544 612 m
561 547 702 613 bebitsre
716 548 840 616 Idaeum
854 563 994 618 montem
1011 553 1137 634 feceret,

357 634 452 712 Quen
475 658 497 698 o
511 656 584 700 curn
598 635 683 720 npud
699 635 824 701 lnururn
838 657 961 702 sacram

357 721 514 786 Clemnrit
529 719 708 786 Cassandra
719 722 929 788 occidendum
944 745 1020 804 mse,

269 852 276 860 -
358 807 513 895 Magnam
526 825 644 872 noxum
658 807 746 872 erbis
761 808 890 876 Priami.

357 894 463 972 Quem
478 915 542 959 non
558 893 751 959 accedebat?
772 918 866 981 quem
882 919 945 960 non
962 899 1095 988 rogabat
1300 913 1365 969 300

357 981 541 1066 Principum
557 994 594 1044 nt
607 983 764 1046 occideret
778 981 954 1048 infantem?

358 1067 432 1132 Non
448 1069 526 1131 enim
541 1089 637 1152 snper
652 1067 782 1154 'l'rojnm
797 1070 933 1135 venisset
940 1072 1056 1160 jugum
1225 1082 1304 1161 (ent.
1319 1077 1366 1156 9.)

359 1153 489 1233 Servile,
504 1167 666 1241 nequem,
683 1153 806 1232 mulier,

359 1240 505 1306 Huberes
519 1243 625 1304 sedem
638 1242 753 1305 domus
768 1240 894 1307 herilis:

357 1327 509 1392 Solrisset
522 1341 626 1392 sutem
644 1325 781 1392 Graeciae
796 1329 927 1394 miseros

359 1413 509 1491 Labores,
524 1436 604 1500 quos
618 1413 703 1497 npud
719 1412 851 1479 Tro'em

356 1500 741 1566 Decem-nunieerrnntes
819 1515 894 1565 runt
902 1503 1034 1588 juvenes
1049 1503 1167 1568 hastis:

358 1585 402 1650 Et
412 1584 483 1650 lecti
499 1608 562 1650 non
577 1583 709 1650 fuissent
722 1587 824 1653 relicti
838 1587 962 1665 deserti,

358 1673 433 1737 Nee*
442 1693 531 1736 senes
545 1673 648 1737 orbati
662 1672 778 1737 liberis.

273 1759 463 1824 usuvenio
476 1772 569 1844 cepto
584 1772 641 1824 tuo
655 1759 731 1837 lilio,
747 1782 841 1861 quem
855 1761 889 1824 in
903 1761 997 1826 elium
1013 1761 1145 1828 demum
1303 1773 1366 1830 310

359 1845 449 1910 Clam
466 1867 536 1910 mee
551 1845 616 1910 filie
630 1849 813 1932 exposuistt
918 1897 920 1904 .

357 1932 411 1996 Tu
427 1933 510 1996 enirn
520 1933 663 2019 jactabas
678 1935 738 1998 boc
753 1933 834 1998 Deae
848 1933 1050 2000 simulacrum
1066 1949 1279 2016 servaturum,

359 2017 404 2083 Et
417 2018 503 2084 hunc
516 2034 548 2084 et
562 2041 616 2084 eos
630 2021 684 2106 qui
699 2020 956 2086 occultaverunt:
978 2021 1033 2086 red
1046 2023 1175 2088 invente
1189 2045 1224 2089 a

356 2103 392 2168 0
407 2105 531 2182 mulier,
543 2106 651 2170 minus
665 2125 775 2192 supere
789 2106 888 2172 hocce
903 2105 1062 2177 Menelao.

359 2191 402 2256 Et
416 2192 477 2255 nisi
492 2191 671 2280 relinquens
686 2193 808 2258 deseras
823 2193 884 2258 hoc
899 2193 1011 2271 solum,

359 2277 423 2342 Iste
437 2277 642 2344 interficietur
655 2301 715 2366 pro
729 2290 785 2344 tuo
800 2302 943 2364 corpore.

360 2363 437 2428 Hoc
452 2386 528 2454 ergo
542 2366 657 2466 cogite,
674 2380 777 2431 utrum
795 2368 876 2431 meri
890 2367 977 2444 velis,

360 2453 413 2513 An
428 2449 514 2515 hunc
528 2473 631 2536 perire
645 2473 705 2537 pro
719 2467 775 2517 tuo
790 2466 929 2536 peccato,

360 2535 457 2613 Quod
472 2559 584 2622 peccas
599 2553 709 2603 contre
725 2556 822 2604 meet
836 2561 939 2604 meum
955 2539 1075 2604 lilium?

274 2625 394 2688 nnn‘O
408 2624 527 2710 opinio,
544 2625 663 2710 opinio,
679 2626 833 2690 sexcentis
841 2627 908 2711 jem
923 2625 1111 2692 mortalibus
1306 2637 1371 2696 820

360 2710 425 2786 Qui
442 2711 521 2774 nihil
533 2727 620 2776 erant
636 2713 732 2777 vitem
747 2710 828 2777 furtu
842 2711 992 2778 extulisti.

361 2797 489 2872 Quibus
504 2819 578 2862 vero
594 2799 730 2862 nominis
745 2799 842 2863 decus
856 2814 902 2862 est
917 2799 1086 2874 averitute,

359 2883 478 2948 Felices
493 2885 594 2960 duco;
619 2885 672 2949 sed
688 2887 743 2972 qui
758 2909 778 2950 u
793 2884 963 2950 mendaciis
978 2886 1039 2950 boe
1052 2883 1172 2952 hubent
1187 2889 1300 2953 bebere

360 2969 434 3034 Non
449 2970 579 3054 putabo,
595 2987 717 3036 tentum
733 2972 775 3036 ob
787 2971 946 3036 fortunam
962 2993 1071 3058 supere
1085 2971 1196 3038 videri.

361 3055 415 3120 Tu
429 3057 514 3120 enim
529 3059 690 3144 quondam
707 3058 878 3123 lectissimis
893 3058 1083 3124 Graecorum
1098 3059 1262 3145 imperans

358 3143 489 3228 Trojem
504 3143 657 3209 abstulisti
674 3167 694 3208 n
709 3145 848 3222 Priamo,
864 3143 943 3210 adeo
959 3146 1091 3232 ignavus
1106 3149 1266 3214 existens?

360 3226 428 3304 Qui
442 3227 515 3294 fitiae
524 3230 704 3315 juvenculoe
719 3253 759 3296 ex
774 3229 877 3295 verbis

361 3314 503 3379 Tantum
510 3315 641 3397 sernciae
653 3317 787 3402 spirasti,
803 3329 835 3383 ct
848 3337 922 3383 cum
936 3319 1051 3384 misera
1063 3318 1198 3385 muliere

360 3403 457 3466 Serve
471 3403 584 3467 venisti
598 3403 631 3466 in
647 3419 825 3470 certamen:
849 3425 915 3468 non
924 3403 1037 3490 judico
1050 3405 1186 3492 dignum

361 3485 474 3575 Neque
487 3501 519 3552 te
534 3489 642 3575 Troju,
659 3511 762 3578 neque
775 3492 907 3577 Trojem
922 3506 954 3555 te
968 3491 1113 3576 emplius.
1307 3504 1373 3562 330

360 3572 426 3650 Qui
440 3574 587 3640 videntur
601 3591 686 3642 recte
699 3578 816 3654 sordre,
830 3577 1028 3660 extrinsecus
1041 3595 1116 3642 sunt

360 3661 384 3726 S
407 3660 536 3738 lendidi,
551 3662 636 3726 intus
650 3687 726 3728 vero
740 3664 889 3730 omuibus
904 3663 1085 3728 hominibus
1099 3664 1231 3746 similes,

360 3684 431 3898 llll
447 3750 473 3898 s}
488 3746 564 3836 quid
579 3751 692 3850 opibus
705 3761 865 3902 mlum:
888 3749 951 3814 hnc
965 3752 1049 3816 enim
1062 3751 1200 3816 multum
1215 3765 1337 3839 potest.

361 3855 714 3988 Sidinienllblfbldlulbnlub
727 3859 1086 4010 blidabllurbdnplbldrollditi

360 4005 435 4069 Non
452 4010 568 4091 poterit
583 4009 718 4094 emplius
733 4009 870 4099 effugere
885 4025 1049 4076 cruenmrn
1065 4009 1163 4076 caedis
1176 4011 1359 4097 pieculum.

359 4091 455 4176 Apud
470 4094 621 4178 populum
637 4117 714 4160 vero
727 4109 759 4162 et
772 4109 808 4161 tu
823 4097 889 4162 lues

361 4175 477 4258 Coedis,
493 4185 688 4264 operaenim
701 4205 721 4247 a
735 4198 767 4248 te
780 4183 984 4250 commodate
997 4199 1029 4250 te
1043 4198 1137 4272 coget
1148 4184 1337 4254 infamium:

361 4263 417 4329 Sin
433 4287 493 4354 ego
509 4265 651 4356 effugere
664 4291 705 4335 ne
718 4271 847 4348 moriar,
