2862 4864
262 267 324 326 aaa
502 207 505 222 ¹
637 255 1025 364 numerora-

347 433 392 502 Et
404 433 463 500 illis
474 432 557 500 ferre
570 433 686 514 literas,
701 458 778 522 quas
792 434 922 524 qnidam
937 457 989 501 me
1005 435 1168 504 miseratus

351 521 503 608 Captivus
517 521 650 607 scripsit,
666 543 769 587 meam
783 545 848 588 non
1289 533 1350 594 570

348 607 545 673 Existimans
559 629 687 673 manum
702 631 766 673 ease
780 607 1022 687 homicidialem,
1037 609 1093 674 sed
1107 609 1212 700 alege

350 693 438 760 Mori
452 718 495 773 se,
511 695 582 760 Dea
597 697 666 760 haec
674 696 762 782 justa
775 695 964 780 postulante.

349 781 479 845 Nullum
496 783 579 844 enim
596 781 702 858 habui,
719 783 785 866 qui,
801 782 897 870 Argis
913 783 975 846 huc
989 781 1150 866 proiectus

349 871 451 954 Argos
466 869 590 944 iterum,
606 889 690 932 meas
705 867 810 932 literas

347 954 490 1018 Mitteret
504 966 643 1019 servatus
663 975 806 1018 meorum
820 954 994 1018 amicorum
1010 953 1115 1019 alicui.

347 1039 401 1103 Tu
416 1040 424 1101 i
450 1039 587 1106 'tur-es
601 1041 696 1118 enim,
713 1053 748 1106 ut
758 1039 884 1119 videris,
898 1062 1081 1128 generosus,

346 1124 390 1191 Et
445 1148 559 1212 ycenas
574 1127 688 1192 novisti
704 1139 735 1191 et
751 1149 829 1212 quos
843 1149 903 1214 ego
919 1126 1034 1192 volo-

348 1212 498 1291 Serveris‚
515 1213 688 1277 mercedem
703 1234 768 1276 non
782 1213 1046 1278 contemnendam
1061 1211 1220 1298 accipiens

347 1297 483 1382 Propter
497 1298 578 1364 leves
593 1298 709 1376 literas,
726 1297 869 1362 salutem.

345 1383 409 1448 lsta
422 1406 509 1466 vero,
523 1384 675 1471 siquidem
692 1385 801 1449 civitas
816 1385 877 1450 hoc
891 1384 988 1473 cogit,
1285 1397 1348 1456 580

344 1469 426 1534 Dera
440 1470 497 1535 fiat
511 1472 623 1548 hostia,
639 1472 795 1557 sejunctus
809 1493 829 1534 a
843 1485 885 1536 te.

260 1575 340 1622 ons.
349 1555 448 1622 Recte
461 1556 567 1621 dixisti
583 1570 705 1634 caetera,
722 1570 838 1642 praeter
851 1555 913 1621 hoc
927 1579 1036 1636 unum,
1054 1556 1085 1621 Ο
1099 1555 1240 1642 hospita:

344 1639 428 1706 Nam
443 1643 537 1708 istum
552 1643 686 1708 interfici
701 1653 774 1708 esset
788 1643 866 1708 mihi
882 1643 972 1708 valde
985 1643 1090 1731 gravis
1104 1642 1206 1708 dolor.

344 1727 416 1818 Ego
430 1730 514 1794 enim
529 1751 597 1794 aum
612 1729 805 1813 gubernator
820 1729 907 1793 navis
920 1728 1032 1794 harum
1048 1728 1283 1796 calamitatum:

342 1813 407 1880 Iste
420 1838 495 1880 vero
510 1837 574 1880 una
586 1817 714 1904 navigat
727 1831 857 1902 propter
871 1837 957 1880 meos
971 1815 1103 1881 labores.

343 1901 417 1966 Non
433 1901 531 1988 igitur
539 1901 662 1988 justum
679 1913 722 1967 ast
737 1925 787 1968 me
802 1923 875 1966 curn
889 1900 983 1989 hujus
997 1924 1074 1967 nece

341 1983 417 2052 'libi
433 1999 583 2070 praestare
597 1988 744 2065 officium,
760 2002 792 2052 et
807 1987 972 2073 meipsum
988 1989 1107 2074 eripere
1120 2009 1161 2053 ex
1177 1987 1287 2054 malis:

341 2074 403 2137 Sed
419 2074 444 2138 si
458 2075 505 2139 sic
519 2075 584 2151 liat
600 2073 674 2139 huic
688 2073 815 2160 quidem
830 2073 920 2140 trade
932 2073 1038 2140 literas
1049 2099 1102 2138 :-

217 2195 223 2206 ·
341 2157 425 2224 Nam
441 2181 493 2224 eas
508 2162 614 2262 Argos
628 2160 741 2238 mittet,
758 2173 794 2226 ut
808 2173 873 2226 tura
888 2183 937 2226 res
952 2174 1035 2226 recte
1048 2160 1248 2226 habeant:-

339 2247 408 2310 Nos
424 2267 507 2326 vero,
523 2268 702 2334 quicunque
716 2245 793 2324 vult,
809 2247 985 2312 interliciat.
1030 2247 1158 2315 Amicos
1172 2249 1251 2312 eain
1278 2257 1344 2316 090

340 2331 493 2418 Quisquis
508 2334 539 2396 in
555 2333 762 2398 calamitatem
778 2335 955 2421 conjiciens,

339 2417 412 2503 lpse
439 2431 588 2520 serretur,
620 2419 835 2505 turpissimum
866 2431 919 2485 est.
972 2417 1039 2483 Hic
1066 2432 1171 2484 autem
1199 2433 1246 2486 est
1271 2422 1345 2486 mitt

426 2527 555 2583 amicus,

338 2589 443 2666 Quem
459 2613 523 2657 non
538 2591 642 2656 minus
656 2591 729 2657 volo
743 2593 849 2658 videre
862 2591 977 2671 lucem,
992 2613 1087 2677 quam
1101 2613 1153 2658 me
1168 2595 1276 2678 ipsam.

252 2695 325 2742 rra.
337 2675 370 2740 Ο
384 2677 522 2744 indolem
538 2689 751 2764 praestantem,
767 2693 803 2746 ut
816 2701 856 2743 ex
870 2699 1021 2768 generosa
1035 2676 1141 2765 aliqua

338 2761 458 2830 Rudiae
472 2779 561 2830 ortus
575 2788 618 2841 es,
634 2765 806 2854 amicisque
819 2787 911 2830 verus
926 2763 1066 2828 amicus!

336 2848 426 2914 Talis
441 2851 560 2934 utinam
577 2851 618 2916 sit
632 2873 774 2917 meorum
790 2852 1094 2952 consanguineorum
1109 2851 1135 2914 is

336 2934 403 3011 Qui
417 2937 543 3002 relictus
557 2935 622 3004 estl
648 2959 722 3002 narn
737 2961 777 3003 ne
791 2960 852 3026 ego
865 2936 1004 3024 quadam,
1021 2936 1053 3001 Ο
1067 2935 1221 3022 hospites,

335 3021 411 3088 Sine
424 3021 521 3090 fratre
535 3046 616 3102 aum,
631 3024 692 3088 nisi
706 3025 790 3112 quod
806 3047 877 3088 eum
889 3045 967 3087 aurae
981 3043 1044 3087 non
1060 3022 1161 3088 video.

335 3107 508 3194 Postquam
522 3132 597 3174 vero
611 3108 671 3176 hoc
687 3110 742 3188 vis,
757 3111 843 3176 hunc
860 3110 1019 3176 mittemus

333 3195 397 3264 Qui
418 3194 556 3281 perferat
580 3195 697 3277 literas,
720 3209 754 3262 tu
778 3219 853 3262 vero
877 3195 1037 3260 morieris:
1069 3195 1231 3282 quoddam
1255 3197 1341 3262 enirn

418 3302 570 3370 magnum
1277 3294 1342 3352 600
1415 3349 1416 3355 ,

334 3363 481 3431 Studium
496 3368 591 3455 hujus
606 3370 649 3433 rei
664 3381 695 3434 te
708 3381 803 3435 tenet.

247 3471 324 3518 oan.
335 3451 417 3528 Quis
433 3477 506 3518 vero
520 3455 685 3520 interficiet
701 3477 762 3533 me,
777 3455 892 3522 ethaeo
906 3456 1026 3520 atrocia
1038 3451 1194 3519 audebit?

248 3557 319 3604 ten.
333 3537 423 3628 Eget
445 3540 540 3627 hujus
553 3542 637 3605 enim
652 3541 721 3607 deae
735 3541 942 3607 sacerdotium
956 3541 1068 3606 habeo.

244 3645 321 3690 ons.
334 3626 506 3716 Indignum
522 3640 617 3704 certe,
634 3627 667 3694 O
682 3629 782 3716 virgo,
798 3643 830 3693 et
845 3627 952 3694 infelix
971 3628 1120 3693 officium.

244 3732 316 3776 ren.
332 3714 378 3778 At
390 3713 531 3779 venimus
546 3717 578 3777 in
594 3715 820 3792 necessitatem,
836 3715 886 3778 cui
899 3713 1073 3800 parendum
1088 3721 1143 3777 est.

242 3817 319 3862 oar.
330 3797 393 3876 Tu,
409 3821 481 3866 cum
497 3801 537 3864 sis
553 3797 684 3878 femella,
702 3823 776 3865 ense
791 3813 908 3866 mactas
925 3797 1050 3864 mares?

243 3903 314 3948 ran.
332 3883 423 3950 Non:
446 3886 500 3952 sed
515 3885 599 3950 circs
614 3899 701 3952 tuam
717 3908 839 3952 mmam
857 3911 875 3950 a
899 3883 1339 3951 uam-lustralem-efflrndam.

241 3990 318 4034 ors.
331 3969 394 4036 Sed
409 3975 479 4060 quis
490 3983 535 4037 eat
549 3971 729 4038 mactator?
749 3973 775 4036 si
791 3973 868 4036 milti
877 3911 957 4038 licet
971 3971 1040 4036 haec
1054 3973 1264 4058 interrogare.

242 4075 313 4122 rrsr.
327 4056 416 4121 Intra
430 4057 514 4124 hanc
528 4059 629 4124 aedem
644 4073 728 4136 sunt,
745 4059 858 4145 quibus
873 4059 933 4123 ista
946 4081 1033 4123 curae
1047 4069 1130 4122 sunt.

239 4161 317 4206 oar.
327 4142 430 4219 Quale
446 4167 519 4208 vero
535 4145 736 4230 sepulchrum
752 4146 885 4230 accipiet
902 4169 952 4209 me
966 4139 1150 4208 munuum?
1271 4151 1339 4208 ato
1411 4147 1412 4160 ³

240 4248 312 4292 rest.
327 4231 423 4296 Sacer
437 4231 520 4314 ignia
534 4232 618 4296 intus
632 4245 663 4297 et
679 4231 860 4296 tenebrosus
876 4231 979 4296 hiatus
994 4231 1090 4315 rupis

239 4333 316 4378 oar.
327 4315 418 4402 (Heu
432 4317 454 4400 l)
479 4318 640 4405 quomodo
655 4339 706 4383 me
720 4317 835 4384 sororis
850 4341 962 4384 manus
977 4311 1173 4402 componet?
