<?xml version="1.0" encoding="UTF-8"?>
<!DOCTYPE html PUBLIC "-//W3C//DTD XHTML 1.0 Transitional//EN"
    "http://www.w3.org/TR/xhtml1/DTD/xhtml1-transitional.dtd">
<html xmlns="http://www.w3.org/1999/xhtml" xml:lang="en" lang="en">
 <head>
  <title>
</title>
<meta http-equiv="Content-Type" content="text/html;charset=utf-8" />
  <meta name='ocr-system' content='tesseract 3.04.00' />
  <meta name='ocr-capabilities' content='ocr_page ocr_carea ocr_par ocr_line ocrx_word'/>
</head>
<body>
  <div class='ocr_page' id='page_1' title='image "./euripidistragoe00mattgoog/euripidistragoe00mattgoog_0642.png"; bbox 0 0 2888 4856; ppageno 0'>
   <div class='ocr_carea' id='block_1_1' title="bbox 527 233 1218 304">
    <p class='ocr_par' dir='ltr' id='par_1_1' title="bbox 527 233 1218 304">
     <span class='ocr_line' id='line_1_1' title="bbox 527 233 1218 304; baseline 0 -1"><span class='ocrx_word' id='word_1_1' title='bbox 527 233 821 303; x_wconf 79' lang='lat' dir='ltr'><strong>ELECTRA.</strong></span> <span class='ocrx_word' id='word_1_2' title='bbox 1154 239 1218 304; x_wconf 78' lang='grc'><strong>667</strong></span> 
     </span>
    </p>
   </div>
   <div class='ocr_carea' id='block_1_2' title="bbox 123 409 1308 4113">
    <p class='ocr_par' dir='ltr' id='par_1_2' title="bbox 123 409 1308 4113">
     <span class='ocr_line' id='line_1_2' title="bbox 217 409 1219 501; baseline 0 -23"><span class='ocrx_word' id='word_1_3' title='bbox 217 409 281 478; x_wconf 81' lang='lat' dir='ltr'><strong>cai</strong></span> <span class='ocrx_word' id='word_1_4' title='bbox 296 429 348 478; x_wconf 88' lang='lat' dir='ltr'><strong>ms</strong></span> <span class='ocrx_word' id='word_1_5' title='bbox 361 410 557 501; x_wconf 79' lang='lat' dir='ltr'><strong>adjungam?</strong></span> <span class='ocrx_word' id='word_1_6' title='bbox 578 425 728 490; x_wconf 83' lang='lat' dir='ltr'><strong>noctuae,</strong></span> <span class='ocrx_word' id='word_1_7' title='bbox 743 431 783 478; x_wconf 90' lang='lat' dir='ltr'><strong>au</strong></span> <span class='ocrx_word' id='word_1_8' title='bbox 799 409 962 476; x_wconf 83' lang='lat' dir='ltr'><strong>interdiu?</strong></span> <span class='ocrx_word' id='word_1_9' title='bbox 1154 417 1219 478; x_wconf 93' lang='grc'><strong>600</strong></span> 
     </span>
     <span class='ocr_line' id='line_1_3' title="bbox 216 495 827 576; baseline -0.003 -12"><span class='ocrx_word' id='word_1_10' title='bbox 216 495 294 576; x_wconf 86' lang='lat' dir='ltr'><strong>Qua</strong></span> <span class='ocrx_word' id='word_1_11' title='bbox 306 499 359 564; x_wconf 85' lang='lat' dir='ltr'><strong>viu</strong></span> <span class='ocrx_word' id='word_1_12' title='bbox 371 497 536 563; x_wconf 77' lang='lat' dir='ltr'><strong>tondemus</strong></span> <span class='ocrx_word' id='word_1_13' title='bbox 550 499 583 563; x_wconf 90' lang='lat' dir='ltr'><strong>in</strong></span> <span class='ocrx_word' id='word_1_14' title='bbox 598 498 704 564; x_wconf 87' lang='lat' dir='ltr'><strong>hostes</strong></span> <span class='ocrx_word' id='word_1_15' title='bbox 717 495 827 562; x_wconf 82' lang='lat' dir='ltr'><strong>meos?</strong></span> 
     </span>
     <span class='ocr_line' id='line_1_4' title="bbox 124 583 839 663; baseline -0.001 -13"><span class='ocrx_word' id='word_1_16' title='bbox 124 601 206 650; x_wconf 78' lang='lat' dir='ltr'><strong>nst.</strong></span> <span class='ocrx_word' id='word_1_17' title='bbox 218 584 252 652; x_wconf 91' lang='lat' dir='ltr'>O</span> <span class='ocrx_word' id='word_1_18' title='bbox 266 583 323 663; x_wconf 81' lang='lat' dir='ltr'><strong>uli,</strong></span> <span class='ocrx_word' id='word_1_19' title='bbox 339 605 434 650; x_wconf 89' lang='lat' dir='ltr'><strong>nemo</strong></span> <span class='ocrx_word' id='word_1_20' title='bbox 448 584 506 650; x_wconf 91' lang='lat' dir='ltr'><strong>tibi</strong></span> <span class='ocrx_word' id='word_1_21' title='bbox 521 583 637 651; x_wconf 81' lang='lat' dir='ltr'><strong>infelici</strong></span> <span class='ocrx_word' id='word_1_22' title='bbox 651 585 770 651; x_wconf 88' lang='lat' dir='ltr'><strong>amicus</strong></span> <span class='ocrx_word' id='word_1_23' title='bbox 784 593 839 650; x_wconf 84' lang='lat' dir='ltr'><strong>est.</strong></span> 
     </span>
     <span class='ocr_line' id='line_1_5' title="bbox 216 669 886 758; baseline -0.003 -20"><span class='ocrx_word' id='word_1_24' title='bbox 216 671 358 738; x_wconf 87' lang='lat' dir='ltr'><strong>Lucrum</strong></span> <span class='ocrx_word' id='word_1_25' title='bbox 374 671 458 736; x_wconf 87' lang='lat' dir='ltr'><strong>enirn</strong></span> <span class='ocrx_word' id='word_1_26' title='bbox 472 672 665 758; x_wconf 88' lang='lat' dir='ltr'><strong>insperatum</strong></span> <span class='ocrx_word' id='word_1_27' title='bbox 680 669 750 736; x_wconf 79' lang='lat' dir='ltr'><strong>hurc</strong></span> <span class='ocrx_word' id='word_1_28' title='bbox 764 693 814 736; x_wconf 86' lang='lat' dir='ltr'><strong>res</strong></span> <span class='ocrx_word' id='word_1_29' title='bbox 827 683 886 752; x_wconf 86' lang='lat' dir='ltr'><strong>est,</strong></span> 
     </span>
     <span class='ocr_line' id='line_1_6' title="bbox 215 756 1088 858; baseline 0.002 -35"><span class='ocrx_word' id='word_1_30' title='bbox 215 756 268 823; x_wconf 86' lang='grc' dir='ltr'><strong>Ειι</strong></span> <span class='ocrx_word' id='word_1_31' title='bbox 282 779 376 846; x_wconf 69' lang='lat' dir='ltr'><strong>equo</strong></span> <span class='ocrx_word' id='word_1_32' title='bbox 390 772 422 823; x_wconf 87' lang='lat' dir='ltr'><strong>at</strong></span> <span class='ocrx_word' id='word_1_33' title='bbox 436 757 512 822; x_wconf 87' lang='lat' dir='ltr'><strong>boui</strong></span> <span class='ocrx_word' id='word_1_34' title='bbox 527 773 558 822; x_wconf 90' lang='lat' dir='ltr'><strong>et</strong></span> <span class='ocrx_word' id='word_1_35' title='bbox 575 758 647 824; x_wconf 87' lang='lat' dir='ltr'><strong>mali</strong></span> <span class='ocrx_word' id='word_1_36' title='bbox 663 779 729 824; x_wconf 84' lang='lat' dir='ltr'><strong>asae</strong></span> <span class='ocrx_word' id='word_1_37' title='bbox 742 757 928 845; x_wconf 76' lang='lat' dir='ltr'><strong>participem</strong></span> <span class='ocrx_word' id='word_1_38' title='bbox 944 758 1088 858; x_wconf 72' lang='lat' dir='ltr'><strong>aliqum.</strong></span> 
     </span>
     <span class='ocr_line' id='line_1_7' title="bbox 215 843 1016 922; baseline -0.001 -12"><span class='ocrx_word' id='word_1_39' title='bbox 215 843 268 910; x_wconf 72' lang='lat' dir='ltr'><strong>uu</strong></span> <span class='ocrx_word' id='word_1_40' title='bbox 283 865 369 922; x_wconf 85' lang='lat' dir='ltr'><strong>vero,</strong></span> <span class='ocrx_word' id='word_1_41' title='bbox 385 843 526 910; x_wconf 86' lang='lat' dir='ltr'><strong>funditus</strong></span> <span class='ocrx_word' id='word_1_42' title='bbox 540 845 624 910; x_wconf 91' lang='lat' dir='ltr'><strong>euim</strong></span> <span class='ocrx_word' id='word_1_43' title='bbox 639 856 724 910; x_wconf 92' lang='lat' dir='ltr'><strong>totus</strong></span> <span class='ocrx_word' id='word_1_44' title='bbox 739 843 847 910; x_wconf 87' lang='lat' dir='ltr'><strong>amicis</strong></span> <span class='ocrx_word' id='word_1_45' title='bbox 861 843 1016 922; x_wconf 73' lang='lat' dir='ltr'><strong>excidisti,</strong></span> 
     </span>
     <span class='ocr_line' id='line_1_8' title="bbox 216 929 1093 1018; baseline -0.002 -22"><span class='ocrx_word' id='word_1_46' title='bbox 216 929 285 996; x_wconf 85' lang='lat' dir='ltr'><strong>Nec</strong></span> <span class='ocrx_word' id='word_1_47' title='bbox 299 953 388 1018; x_wconf 90' lang='lat' dir='ltr'><strong>spem</strong></span> <span class='ocrx_word' id='word_1_48' title='bbox 402 930 494 996; x_wconf 82' lang='lat' dir='ltr'><strong>ullum</strong></span> <span class='ocrx_word' id='word_1_49' title='bbox 509 931 662 1018; x_wconf 89' lang='lat' dir='ltr'><strong>reliquam</strong></span> <span class='ocrx_word' id='word_1_50' title='bbox 677 930 772 996; x_wconf 85' lang='lat' dir='ltr'><strong>habes</strong></span> <span class='ocrx_word' id='word_1_51' title='bbox 786 930 865 996; x_wconf 89' lang='lat' dir='ltr'><strong>scias</strong></span> <span class='ocrx_word' id='word_1_52' title='bbox 881 951 931 995; x_wconf 86' lang='lat' dir='ltr'><strong>me</strong></span> <span class='ocrx_word' id='word_1_53' title='bbox 944 929 1093 996; x_wconf 80' lang='lat' dir='ltr'><strong>audiena:</strong></span> 
     </span>
     <span class='ocr_line' id='line_1_9' title="bbox 215 1015 938 1094; baseline 0.001 -12"><span class='ocrx_word' id='word_1_54' title='bbox 215 1015 255 1082; x_wconf 89' lang='lat' dir='ltr'><strong>ln</strong></span> <span class='ocrx_word' id='word_1_55' title='bbox 270 1037 367 1082; x_wconf 88' lang='lat' dir='ltr'><strong>mauu</strong></span> <span class='ocrx_word' id='word_1_56' title='bbox 382 1031 436 1084; x_wconf 86' lang='lat' dir='ltr'><strong>tus</strong></span> <span class='ocrx_word' id='word_1_57' title='bbox 451 1031 482 1081; x_wconf 91' lang='lat' dir='ltr'><strong>et</strong></span> <span class='ocrx_word' id='word_1_58' title='bbox 495 1015 621 1084; x_wconf 83' lang='lat' dir='ltr'><strong>fortuna</strong></span> <span class='ocrx_word' id='word_1_59' title='bbox 636 1017 743 1082; x_wconf 87' lang='lat' dir='ltr'><strong>omnia</strong></span> <span class='ocrx_word' id='word_1_60' title='bbox 757 1015 853 1082; x_wconf 86' lang='lat' dir='ltr'><strong>babes</strong></span> <span class='ocrx_word' id='word_1_61' title='bbox 865 1017 938 1094; x_wconf 74' lang='lat' dir='ltr'><strong>aito,</strong></span> 
     </span>
     <span class='ocr_line' id='line_1_10' title="bbox 216 1102 1044 1188; baseline 0 -20"><span class='ocrx_word' id='word_1_62' title='bbox 216 1102 385 1168; x_wconf 74' lang='lat' dir='ltr'><strong>Paternum</strong></span> <span class='ocrx_word' id='word_1_63' title='bbox 401 1102 531 1168; x_wconf 90' lang='lat' dir='ltr'><strong>domum</strong></span> <span class='ocrx_word' id='word_1_64' title='bbox 546 1115 578 1168; x_wconf 91' lang='lat' dir='ltr'><strong>et</strong></span> <span class='ocrx_word' id='word_1_65' title='bbox 592 1102 703 1170; x_wconf 89' lang='lat' dir='ltr'><strong>urbem</strong></span> <span class='ocrx_word' id='word_1_66' title='bbox 718 1115 805 1168; x_wconf 87' lang='lat' dir='ltr'><strong>tuam</strong></span> <span class='ocrx_word' id='word_1_67' title='bbox 819 1117 855 1168; x_wconf 90' lang='lat' dir='ltr'><strong>ut</strong></span> <span class='ocrx_word' id='word_1_68' title='bbox 869 1123 1044 1188; x_wconf 86' lang='lat' dir='ltr'><strong>recuperes.</strong></span> 
     </span>
     <span class='ocr_line' id='line_1_11' title="bbox 124 1187 1308 1278; baseline 0.002 -24"><span class='ocrx_word' id='word_1_69' title='bbox 124 1205 209 1254; x_wconf 77' lang='lat' dir='ltr'><strong>ou.</strong></span> <span class='ocrx_word' id='word_1_70' title='bbox 221 1189 309 1267; x_wconf 86' lang='lat' dir='ltr'><strong>Quid</strong></span> <span class='ocrx_word' id='word_1_71' title='bbox 325 1211 360 1254; x_wconf 87' lang='lat' dir='ltr'><strong>er</strong></span> <span class='ocrx_word' id='word_1_72' title='bbox 416 1189 562 1255; x_wconf 71' lang='lat' dir='ltr'><strong>facientes</strong></span> <span class='ocrx_word' id='word_1_73' title='bbox 577 1187 639 1254; x_wconf 86' lang='lat' dir='ltr'><strong>hoc</strong></span> <span class='ocrx_word' id='word_1_74' title='bbox 653 1192 878 1278; x_wconf 75' lang='lat' dir='ltr'><strong>assequemur?</strong></span> <span class='ocrx_word' id='word_1_75' title='bbox 1303 1243 1308 1256; x_wconf 88' lang='lat'>.</span> 
     </span>
     <span class='ocr_line' id='line_1_12' title="bbox 124 1211 1215 1364; baseline 0.004 -26"><span class='ocrx_word' id='word_1_76' title='bbox 124 1293 202 1340; x_wconf 76' lang='lat' dir='ltr'><strong>stur.</strong></span> <span class='ocrx_word' id='word_1_77' title='bbox 215 1273 334 1342; x_wconf 84' lang='lat' dir='ltr'><strong>Occiso</strong></span> <span class='ocrx_word' id='word_1_78' title='bbox 348 1211 499 1364; x_wconf 62' lang='lat' dir='ltr'><strong>&#39;ffiyestae</strong></span> <span class='ocrx_word' id='word_1_79' title='bbox 514 1276 581 1342; x_wconf 82' lang='lat' dir='ltr'><strong>filio</strong></span> <span class='ocrx_word' id='word_1_80' title='bbox 594 1289 627 1341; x_wconf 88' lang='lat' dir='ltr'><strong>et</strong></span> <span class='ocrx_word' id='word_1_81' title='bbox 642 1290 742 1343; x_wconf 83' lang='lat' dir='ltr'><strong>matre</strong></span> <span class='ocrx_word' id='word_1_82' title='bbox 756 1289 821 1342; x_wconf 87' lang='lat' dir='ltr'><strong>tua.</strong></span> <span class='ocrx_word' id='word_1_83' title='bbox 1149 1283 1215 1344; x_wconf 87' lang='grc'><strong>610</strong></span> 
     </span>
     <span class='ocr_line' id='line_1_13' title="bbox 123 1360 1216 1515; baseline 0.002 -89"><span class='ocrx_word' id='word_1_84' title='bbox 123 1361 374 1464; x_wconf 76' lang='lat' dir='ltr'><strong>orta-Veniosd</strong></span> <span class='ocrx_word' id='word_1_85' title='bbox 392 1365 488 1515; x_wconf 78' lang='lat' dir='ltr'><strong>istarp</strong></span> <span class='ocrx_word' id='word_1_86' title='bbox 510 1383 660 1429; x_wconf 89' lang='lat' dir='ltr'><strong>oorouam</strong></span> <span class='ocrx_word' id='word_1_87' title='bbox 681 1365 870 1446; x_wconf 77' lang='lat' dir='ltr'><strong>cupintduos,</strong></span> <span class='ocrx_word' id='word_1_88' title='bbox 890 1360 945 1430; x_wconf 86' lang='lat' dir='ltr'><strong>sed</strong></span> <span class='ocrx_word' id='word_1_89' title='bbox 966 1361 1128 1450; x_wconf 87' lang='lat' dir='ltr'><strong>quomodo</strong></span> <span class='ocrx_word' id='word_1_90' title='bbox 1149 1383 1216 1428; x_wconf 72' lang='lat' dir='ltr'><strong>son</strong></span> 
     </span>
     <span class='ocr_line' id='line_1_14' title="bbox 301 1471 453 1514; baseline 0 0"><span class='ocrx_word' id='word_1_91' title='bbox 301 1471 367 1514; x_wconf 87' lang='lat' dir='ltr'><strong>secr</strong></span> <span class='ocrx_word' id='word_1_92' title='bbox 392 1471 453 1514; x_wconf 87' lang='lat' dir='ltr'><strong>ram</strong></span> 
     </span>
     <span class='ocr_line' id='line_1_15' title="bbox 125 1472 1073 1624; baseline 0.002 -25"><span class='ocrx_word' id='word_1_93' title='bbox 125 1553 200 1600; x_wconf 72' lang='lat' dir='ltr'><strong>sart.</strong></span> <span class='ocrx_word' id='word_1_94' title='bbox 218 1531 346 1600; x_wconf 84' lang='lat' dir='ltr'><strong>Moeuia</strong></span> <span class='ocrx_word' id='word_1_95' title='bbox 360 1472 499 1624; x_wconf 56' lang='lat' dir='ltr'><strong>guidem,</strong></span> <span class='ocrx_word' id='word_1_96' title='bbox 513 1549 545 1600; x_wconf 93' lang='lat' dir='ltr'><strong>et</strong></span> <span class='ocrx_word' id='word_1_97' title='bbox 559 1535 586 1600; x_wconf 89' lang='lat' dir='ltr'><strong>si</strong></span> <span class='ocrx_word' id='word_1_98' title='bbox 602 1537 737 1602; x_wconf 85' lang='lat' dir='ltr'><strong>maxime</strong></span> <span class='ocrx_word' id='word_1_99' title='bbox 751 1535 836 1614; x_wconf 60' lang='lat' dir='ltr'><strong>veliet</strong></span> <span class='ocrx_word' id='word_1_100' title='bbox 852 1555 916 1600; x_wconf 88' lang='lat' dir='ltr'><strong>non</strong></span> <span class='ocrx_word' id='word_1_101' title='bbox 930 1534 1073 1602; x_wconf 84' lang='lat' dir='ltr'><strong>subieris.</strong></span> 
     </span>
     <span class='ocr_line' id='line_1_16' title="bbox 125 1619 1047 1710; baseline 0.003 -24"><span class='ocrx_word' id='word_1_102' title='bbox 125 1639 208 1686; x_wconf 78' lang='grc' dir='ltr'><strong>οιι.</strong></span> <span class='ocrx_word' id='word_1_103' title='bbox 221 1619 383 1686; x_wconf 72' lang='lat' dir='ltr'><strong>Prmaidiis</strong></span> <span class='ocrx_word' id='word_1_104' title='bbox 397 1625 520 1688; x_wconf 88' lang='lat' dir='ltr'><strong>munita</strong></span> <span class='ocrx_word' id='word_1_105' title='bbox 533 1635 607 1688; x_wconf 89' lang='lat' dir='ltr'><strong>sunt</strong></span> <span class='ocrx_word' id='word_1_106' title='bbox 620 1621 803 1710; x_wconf 77' lang='lat' dir='ltr'><strong>dextrisque</strong></span> <span class='ocrx_word' id='word_1_107' title='bbox 817 1620 1009 1688; x_wconf 77' lang='lat' dir='ltr'><strong>satellitum?</strong></span> <span class='ocrx_word' id='word_1_108' title='bbox 1042 1631 1047 1641; x_wconf 95' lang='grc'><strong>’</strong></span> 
     </span>
     <span class='ocr_line' id='line_1_17' title="bbox 126 1706 1075 1796; baseline 0 -24"><span class='ocrx_word' id='word_1_109' title='bbox 126 1725 208 1772; x_wconf 76' lang='lat' dir='ltr'><strong>snt.</strong></span> <span class='ocrx_word' id='word_1_110' title='bbox 220 1706 345 1774; x_wconf 81' lang='lat' dir='ltr'><strong>Teneat</strong></span> <span class='ocrx_word' id='word_1_111' title='bbox 366 1707 481 1775; x_wconf 91' lang='lat' dir='ltr'><strong>metuit</strong></span> <span class='ocrx_word' id='word_1_112' title='bbox 494 1710 577 1774; x_wconf 86' lang='lat' dir='ltr'><strong>enim</strong></span> <span class='ocrx_word' id='word_1_113' title='bbox 593 1721 634 1786; x_wconf 79' lang='lat' dir='ltr'><strong>te,</strong></span> <span class='ocrx_word' id='word_1_114' title='bbox 651 1731 753 1796; x_wconf 88' lang='lat' dir='ltr'><strong>neque</strong></span> <span class='ocrx_word' id='word_1_115' title='bbox 766 1708 884 1774; x_wconf 84' lang='lat' dir='ltr'><strong>dormit</strong></span> <span class='ocrx_word' id='word_1_116' title='bbox 898 1707 1075 1796; x_wconf 73' lang='lat' dir='ltr'><strong>tranquille.</strong></span> 
     </span>
     <span class='ocr_line' id='line_1_18' title="bbox 126 1793 999 1882; baseline 0.003 -25"><span class='ocrx_word' id='word_1_117' title='bbox 126 1813 209 1858; x_wconf 76' lang='lat' dir='ltr'><strong>out.</strong></span> <span class='ocrx_word' id='word_1_118' title='bbox 220 1793 272 1860; x_wconf 92' lang='lat' dir='ltr'><strong>lta</strong></span> <span class='ocrx_word' id='word_1_119' title='bbox 286 1797 368 1860; x_wconf 86' lang='lat' dir='ltr'><strong>sint:</strong></span> <span class='ocrx_word' id='word_1_120' title='bbox 391 1807 426 1860; x_wconf 87' lang='lat' dir='ltr'><strong>tu</strong></span> <span class='ocrx_word' id='word_1_121' title='bbox 440 1817 476 1860; x_wconf 89' lang='lat' dir='ltr'><strong>er</strong></span> <span class='ocrx_word' id='word_1_122' title='bbox 496 1817 518 1860; x_wconf 94' lang='lat' dir='ltr'><strong>o</strong></span> <span class='ocrx_word' id='word_1_123' title='bbox 532 1795 677 1882; x_wconf 87' lang='lat' dir='ltr'><strong>deinceps</strong></span> <span class='ocrx_word' id='word_1_124' title='bbox 692 1795 830 1873; x_wconf 87' lang='lat' dir='ltr'><strong>consule,</strong></span> <span class='ocrx_word' id='word_1_125' title='bbox 846 1794 880 1861; x_wconf 89' lang='lat'>0</span> <span class='ocrx_word' id='word_1_126' title='bbox 894 1816 999 1861; x_wconf 66' lang='lat' dir='ltr'><strong>senen</strong></span> 
     </span>
     <span class='ocr_line' id='line_1_19' title="bbox 126 1819 1085 1969; baseline 0.003 -25"><span class='ocrx_word' id='word_1_127' title='bbox 126 1897 203 1945; x_wconf 71' lang='lat' dir='ltr'><strong>anst.</strong></span> <span class='ocrx_word' id='word_1_128' title='bbox 218 1879 276 1946; x_wconf 85' lang='lat' dir='ltr'><strong>Me</strong></span> <span class='ocrx_word' id='word_1_129' title='bbox 289 1903 414 1969; x_wconf 90' lang='lat' dir='ltr'><strong>quoque</strong></span> <span class='ocrx_word' id='word_1_130' title='bbox 427 1819 495 1947; x_wconf 76' lang='lat' dir='ltr'><strong>aad</strong></span> <span class='ocrx_word' id='word_1_131' title='bbox 494 1883 521 1947; x_wconf 83' lang='lat' dir='ltr'><strong>ir</strong></span> <span class='ocrx_word' id='word_1_132' title='bbox 543 1882 639 1948; x_wconf 90' lang='lat' dir='ltr'><strong>modo</strong></span> <span class='ocrx_word' id='word_1_133' title='bbox 653 1882 737 1948; x_wconf 90' lang='lat' dir='ltr'><strong>enim</strong></span> <span class='ocrx_word' id='word_1_134' title='bbox 752 1881 872 1968; x_wconf 88' lang='lat' dir='ltr'><strong>aliquid</strong></span> <span class='ocrx_word' id='word_1_135' title='bbox 886 1879 964 1946; x_wconf 87' lang='lat' dir='ltr'><strong>milri</strong></span> <span class='ocrx_word' id='word_1_136' title='bbox 978 1879 1085 1948; x_wconf 83' lang='lat' dir='ltr'><strong>subiit.</strong></span> 
     </span>
     <span class='ocr_line' id='line_1_20' title="bbox 125 1965 1086 2056; baseline 0.003 -27"><span class='ocrx_word' id='word_1_137' title='bbox 125 1985 203 2030; x_wconf 77' lang='lat' dir='ltr'><strong>ou.</strong></span> <span class='ocrx_word' id='word_1_138' title='bbox 217 1965 344 2033; x_wconf 86' lang='lat' dir='ltr'><strong>Bonum</strong></span> <span class='ocrx_word' id='word_1_139' title='bbox 359 1967 487 2056; x_wconf 77' lang='lat' dir='ltr'><strong>aliquod</strong></span> <span class='ocrx_word' id='word_1_140' title='bbox 502 1967 623 2034; x_wconf 87' lang='lat' dir='ltr'><strong>utinum</strong></span> <span class='ocrx_word' id='word_1_141' title='bbox 640 1968 767 2046; x_wconf 88' lang='lat' dir='ltr'><strong>indices,</strong></span> <span class='ocrx_word' id='word_1_142' title='bbox 782 1981 815 2034; x_wconf 89' lang='lat' dir='ltr'><strong>et</strong></span> <span class='ocrx_word' id='word_1_143' title='bbox 828 1991 888 2056; x_wconf 76' lang='lat' dir='ltr'><strong>ego</strong></span> <span class='ocrx_word' id='word_1_144' title='bbox 900 1967 1086 2054; x_wconf 85' lang='lat' dir='ltr'><strong>percipiam.</strong></span> 
     </span>
     <span class='ocr_line' id='line_1_21' title="bbox 126 2051 842 2156; baseline 0.003 -38"><span class='ocrx_word' id='word_1_145' title='bbox 126 2071 203 2118; x_wconf 73' lang='lat' dir='ltr'><strong>nrt.</strong></span> <span class='ocrx_word' id='word_1_146' title='bbox 215 2051 400 2156; x_wconf 65' lang='lat' dir='ltr'><strong>AEpisthum</strong></span> <span class='ocrx_word' id='word_1_147' title='bbox 415 2054 490 2132; x_wconf 79' lang='lat' dir='ltr'><strong>ridi,</strong></span> <span class='ocrx_word' id='word_1_148' title='bbox 505 2055 635 2142; x_wconf 82' lang='lat' dir='ltr'><strong>quando</strong></span> <span class='ocrx_word' id='word_1_149' title='bbox 649 2054 712 2119; x_wconf 90' lang='lat' dir='ltr'><strong>huc</strong></span> <span class='ocrx_word' id='word_1_150' title='bbox 726 2054 842 2120; x_wconf 86' lang='lat' dir='ltr'><strong>reni-</strong></span> 
     </span>
     <span class='ocr_line' id='line_1_22' title="bbox 125 2138 985 2230; baseline 0.001 -26"><span class='ocrx_word' id='word_1_151' title='bbox 125 2157 203 2204; x_wconf 76' lang='lat' dir='ltr'><strong>ou.</strong></span> <span class='ocrx_word' id='word_1_152' title='bbox 216 2141 445 2207; x_wconf 75' lang='lat' dir='ltr'><strong>Anrmadverto</strong></span> <span class='ocrx_word' id='word_1_153' title='bbox 460 2141 546 2230; x_wconf 93' lang='lat' dir='ltr'><strong>quod</strong></span> <span class='ocrx_word' id='word_1_154' title='bbox 561 2141 687 2206; x_wconf 80' lang='lat' dir='ltr'><strong>dixisti:</strong></span> <span class='ocrx_word' id='word_1_155' title='bbox 710 2142 825 2229; x_wconf 86' lang='lat' dir='ltr'><strong>quibus</strong></span> <span class='ocrx_word' id='word_1_156' title='bbox 839 2141 872 2206; x_wconf 88' lang='lat' dir='ltr'><strong>iu</strong></span> <span class='ocrx_word' id='word_1_157' title='bbox 887 2138 985 2206; x_wconf 81' lang='lat' dir='ltr'><strong>locis?</strong></span> 
     </span>
     <span class='ocr_line' id='line_1_23' title="bbox 124 2224 1213 2316; baseline 0.004 -26"><span class='ocrx_word' id='word_1_158' title='bbox 124 2243 199 2290; x_wconf 76' lang='lat' dir='ltr'><strong>surr.</strong></span> <span class='ocrx_word' id='word_1_159' title='bbox 210 2224 313 2292; x_wconf 87' lang='lat' dir='ltr'><strong>Juxta</strong></span> <span class='ocrx_word' id='word_1_160' title='bbox 327 2249 419 2316; x_wconf 78' lang='lat' dir='ltr'><strong>agros</strong></span> <span class='ocrx_word' id='word_1_161' title='bbox 432 2226 528 2294; x_wconf 89' lang='lat' dir='ltr'><strong>hosce</strong></span> <span class='ocrx_word' id='word_1_162' title='bbox 540 2229 572 2292; x_wconf 90' lang='lat' dir='ltr'><strong>in</strong></span> <span class='ocrx_word' id='word_1_163' title='bbox 589 2248 743 2316; x_wconf 89' lang='lat' dir='ltr'><strong>equorum</strong></span> <span class='ocrx_word' id='word_1_164' title='bbox 757 2227 894 2314; x_wconf 75' lang='lat' dir='ltr'><strong>pascuis</strong></span> <span class='ocrx_word' id='word_1_165' title='bbox 1148 2231 1213 2294; x_wconf 80' lang='grc'><strong>660</strong></span> 
     </span>
     <span class='ocr_line' id='line_1_24' title="bbox 125 2307 1215 2482; baseline 0.002 -106"><span class='ocrx_word' id='word_1_166' title='bbox 125 2331 204 2378; x_wconf 74' lang='lat' dir='ltr'><strong>oua.</strong></span> <span class='ocrx_word' id='word_1_167' title='bbox 219 2311 493 2482; x_wconf 52' lang='lat' dir='ltr'><strong>Qoidfflqgeutem?</strong></span> <span class='ocrx_word' id='word_1_168' title='bbox 516 2314 609 2380; x_wconf 86' lang='lat' dir='ltr'><strong>rideo</strong></span> <span class='ocrx_word' id='word_1_169' title='bbox 630 2314 714 2380; x_wconf 90' lang='lat' dir='ltr'><strong>eninr</strong></span> <span class='ocrx_word' id='word_1_170' title='bbox 736 2335 823 2400; x_wconf 84' lang='lat' dir='ltr'><strong>spem</strong></span> <span class='ocrx_word' id='word_1_171' title='bbox 844 2333 885 2378; x_wconf 84' lang='lat' dir='ltr'><strong>ex</strong></span> <span class='ocrx_word' id='word_1_172' title='bbox 902 2313 997 2380; x_wconf 85' lang='lat' dir='ltr'><strong>rebus</strong></span> <span class='ocrx_word' id='word_1_173' title='bbox 1017 2309 1149 2400; x_wconf 82' lang='lat' dir='ltr'><strong>perditis</strong></span> <span class='ocrx_word' id='word_1_174' title='bbox 1163 2307 1215 2394; x_wconf 83' lang='lat' dir='ltr'><strong>os·</strong></span> 
     </span>
     <span class='ocr_line' id='line_1_25' title="bbox 368 2409 473 2466; baseline 0 0"><span class='ocrx_word' id='word_1_175' title='bbox 368 2409 473 2466; x_wconf 82' lang='lat' dir='ltr'><strong>entem.</strong></span> 
     </span>
     <span class='ocr_line' id='line_1_26' title="bbox 125 2423 972 2573; baseline 0 -23"><span class='ocrx_word' id='word_1_176' title='bbox 125 2503 201 2550; x_wconf 73' lang='lat' dir='ltr'><strong>stus.</strong></span> <span class='ocrx_word' id='word_1_177' title='bbox 215 2423 374 2572; x_wconf 53' lang='lat' dir='ltr'><strong>Nymphis</strong></span> <span class='ocrx_word' id='word_1_178' title='bbox 387 2487 521 2573; x_wconf 88' lang='lat' dir='ltr'><strong>parabat</strong></span> <span class='ocrx_word' id='word_1_179' title='bbox 533 2485 657 2564; x_wconf 78' lang='lat' dir='ltr'><strong>festum,</strong></span> <span class='ocrx_word' id='word_1_180' title='bbox 674 2499 708 2552; x_wconf 93' lang='lat' dir='ltr'><strong>ut</strong></span> <span class='ocrx_word' id='word_1_181' title='bbox 724 2487 802 2552; x_wconf 87' lang='lat' dir='ltr'><strong>mihi</strong></span> <span class='ocrx_word' id='word_1_182' title='bbox 817 2486 901 2553; x_wconf 87' lang='lat' dir='ltr'><strong>visus</strong></span> <span class='ocrx_word' id='word_1_183' title='bbox 915 2499 972 2552; x_wconf 86' lang='lat' dir='ltr'><strong>est.</strong></span> 
     </span>
     <span class='ocr_line' id='line_1_27' title="bbox 126 2569 1176 2659; baseline 0 -23"><span class='ocrx_word' id='word_1_184' title='bbox 126 2591 203 2636; x_wconf 71' lang='lat' dir='ltr'><strong>our.</strong></span> <span class='ocrx_word' id='word_1_185' title='bbox 216 2570 389 2639; x_wconf 74' lang='lat' dir='ltr'><strong>Praemium</strong></span> <span class='ocrx_word' id='word_1_186' title='bbox 404 2573 600 2640; x_wconf 79' lang='lat' dir='ltr'><strong>educationis</strong></span> <span class='ocrx_word' id='word_1_187' title='bbox 613 2573 798 2653; x_wconf 87' lang='lat' dir='ltr'><strong>liberorum,</strong></span> <span class='ocrx_word' id='word_1_188' title='bbox 812 2594 853 2638; x_wconf 88' lang='lat' dir='ltr'><strong>an</strong></span> <span class='ocrx_word' id='word_1_189' title='bbox 867 2595 928 2659; x_wconf 92' lang='lat' dir='ltr'><strong>pro</strong></span> <span class='ocrx_word' id='word_1_190' title='bbox 942 2575 1049 2640; x_wconf 79' lang='lat' dir='ltr'><strong>futura</strong></span> <span class='ocrx_word' id='word_1_191' title='bbox 1063 2569 1176 2658; x_wconf 82' lang='lat' dir='ltr'><strong>prole?</strong></span> 
     </span>
     <span class='ocr_line' id='line_1_28' title="bbox 126 2657 1214 2812; baseline 0 -89"><span class='ocrx_word' id='word_1_192' title='bbox 126 2677 203 2724; x_wconf 79' lang='lat' dir='ltr'><strong>ssu.</strong></span> <span class='ocrx_word' id='word_1_193' title='bbox 215 2657 303 2723; x_wconf 85' lang='lat' dir='ltr'><strong>Nihil</strong></span> <span class='ocrx_word' id='word_1_194' title='bbox 326 2660 539 2812; x_wconf 45' lang='lat' dir='ltr'><strong>rciqapraeter</strong></span> <span class='ocrx_word' id='word_1_195' title='bbox 560 2681 670 2738; x_wconf 89' lang='lat' dir='ltr'><strong>uuum,</strong></span> <span class='ocrx_word' id='word_1_196' title='bbox 696 2659 739 2726; x_wconf 91' lang='lat' dir='ltr'><strong>ad</strong></span> <span class='ocrx_word' id='word_1_197' title='bbox 759 2659 1054 2726; x_wconf 83' lang='lat' dir='ltr'><strong>bores-mactandos</strong></span> <span class='ocrx_word' id='word_1_198' title='bbox 1075 2673 1214 2744; x_wconf 67' lang='lat' dir='ltr'><strong>repres-</strong></span> 
     </span>
     <span class='ocr_line' id='line_1_29' title="bbox 323 2761 443 2814; baseline 0.025 -4"><span class='ocrx_word' id='word_1_199' title='bbox 323 2767 378 2812; x_wconf 70' lang='lat'><strong>81⁵8</strong></span> <span class='ocrx_word' id='word_1_200' title='bbox 419 2761 443 2814; x_wconf 81' lang='lat' dir='ltr'><strong>i.</strong></span> 
     </span>
     <span class='ocr_line' id='line_1_30' title="bbox 125 2767 914 2908; baseline 0.003 -12"><span class='ocrx_word' id='word_1_201' title='bbox 125 2850 204 2896; x_wconf 78' lang='lat' dir='ltr'><strong>ou.</strong></span> <span class='ocrx_word' id='word_1_202' title='bbox 214 2767 392 2908; x_wconf 72' lang='lat' dir='ltr'><strong>Quotpcum</strong></span> <span class='ocrx_word' id='word_1_203' title='bbox 408 2832 509 2899; x_wconf 82' lang='lat' dir='ltr'><strong>viris?</strong></span> <span class='ocrx_word' id='word_1_204' title='bbox 529 2855 569 2899; x_wconf 89' lang='lat' dir='ltr'><strong>au</strong></span> <span class='ocrx_word' id='word_1_205' title='bbox 585 2832 670 2900; x_wconf 92' lang='lat' dir='ltr'><strong>solus</strong></span> <span class='ocrx_word' id='word_1_206' title='bbox 683 2855 757 2900; x_wconf 89' lang='lat' dir='ltr'><strong>curu</strong></span> <span class='ocrx_word' id='word_1_207' title='bbox 770 2832 914 2898; x_wconf 82' lang='lat' dir='ltr'><strong>famulis?</strong></span> 
     </span>
     <span class='ocr_line' id='line_1_31' title="bbox 125 2917 1144 3008; baseline 0.003 -27"><span class='ocrx_word' id='word_1_208' title='bbox 125 2935 201 2982; x_wconf 73' lang='lat' dir='ltr'><strong>sarr.</strong></span> <span class='ocrx_word' id='word_1_209' title='bbox 215 2917 331 2984; x_wconf 88' lang='lat' dir='ltr'><strong>Nullus</strong></span> <span class='ocrx_word' id='word_1_210' title='bbox 344 2919 454 2987; x_wconf 84' lang='lat' dir='ltr'><strong>aderat</strong></span> <span class='ocrx_word' id='word_1_211' title='bbox 469 2921 618 3008; x_wconf 77' lang='lat' dir='ltr'><strong>Argivus,</strong></span> <span class='ocrx_word' id='word_1_212' title='bbox 635 2921 687 2986; x_wconf 89' lang='lat' dir='ltr'><strong>sed</strong></span> <span class='ocrx_word' id='word_1_213' title='bbox 703 2919 876 2986; x_wconf 86' lang='lat' dir='ltr'><strong>domestica</strong></span> <span class='ocrx_word' id='word_1_214' title='bbox 887 2928 1005 2984; x_wconf 77' lang='lat' dir='ltr'><strong>tutatuta</strong></span> <span class='ocrx_word' id='word_1_215' title='bbox 1022 2938 1144 2984; x_wconf 85' lang='lat' dir='ltr'><strong>uranus.</strong></span> 
     </span>
     <span class='ocr_line' id='line_1_32' title="bbox 124 3001 1049 3094; baseline 0.001 -25"><span class='ocrx_word' id='word_1_216' title='bbox 124 3023 203 3069; x_wconf 82' lang='lat' dir='ltr'><strong>oue.</strong></span> <span class='ocrx_word' id='word_1_217' title='bbox 212 3007 306 3070; x_wconf 82' lang='lat' dir='ltr'><strong>Anne</strong></span> <span class='ocrx_word' id='word_1_218' title='bbox 319 3006 440 3094; x_wconf 85' lang='lat' dir='ltr'><strong>aliquis,</strong></span> <span class='ocrx_word' id='word_1_219' title='bbox 456 3007 511 3093; x_wconf 90' lang='lat' dir='ltr'><strong>qui</strong></span> <span class='ocrx_word' id='word_1_220' title='bbox 524 3029 576 3072; x_wconf 88' lang='lat' dir='ltr'><strong>me</strong></span> <span class='ocrx_word' id='word_1_221' title='bbox 589 3007 789 3094; x_wconf 85' lang='lat' dir='ltr'><strong>conspicatus</strong></span> <span class='ocrx_word' id='word_1_222' title='bbox 801 3005 917 3094; x_wconf 85' lang='lat' dir='ltr'><strong>produt</strong></span> <span class='ocrx_word' id='word_1_223' title='bbox 930 3001 1049 3072; x_wconf 69' lang='lat' dir='ltr'><strong>seua?</strong></span> 
     </span>
     <span class='ocr_line' id='line_1_33' title="bbox 125 3089 1042 3194; baseline 0 -38"><span class='ocrx_word' id='word_1_224' title='bbox 125 3109 202 3156; x_wconf 71' lang='lat' dir='ltr'><strong>sust.</strong></span> <span class='ocrx_word' id='word_1_225' title='bbox 215 3089 339 3156; x_wconf 82' lang='lat' dir='ltr'><strong>Famuli</strong></span> <span class='ocrx_word' id='word_1_226' title='bbox 354 3093 481 3194; x_wconf 83' lang='lat' dir='ltr'><strong>quidem</strong></span> <span class='ocrx_word' id='word_1_227' title='bbox 495 3107 581 3174; x_wconf 87' lang='lat' dir='ltr'><strong>suut,</strong></span> <span class='ocrx_word' id='word_1_228' title='bbox 596 3093 650 3181; x_wconf 92' lang='lat' dir='ltr'><strong>qui</strong></span> <span class='ocrx_word' id='word_1_229' title='bbox 665 3107 696 3159; x_wconf 89' lang='lat' dir='ltr'><strong>te</strong></span> <span class='ocrx_word' id='word_1_230' title='bbox 709 3115 872 3180; x_wconf 87' lang='lat' dir='ltr'><strong>nunquam</strong></span> <span class='ocrx_word' id='word_1_231' title='bbox 886 3093 1042 3158; x_wconf 82' lang='lat' dir='ltr'><strong>viderunt.</strong></span> 
     </span>
     <span class='ocr_line' id='line_1_34' title="bbox 126 3176 957 3268; baseline 0 -26"><span class='ocrx_word' id='word_1_232' title='bbox 126 3195 201 3242; x_wconf 76' lang='grc' dir='ltr'><strong>οιι.</strong></span> <span class='ocrx_word' id='word_1_233' title='bbox 216 3177 317 3242; x_wconf 89' lang='lat' dir='ltr'><strong>Nobis</strong></span> <span class='ocrx_word' id='word_1_234' title='bbox 332 3181 438 3268; x_wconf 74' lang='lat' dir='ltr'><strong>igitur,</strong></span> <span class='ocrx_word' id='word_1_235' title='bbox 453 3180 481 3244; x_wconf 87' lang='lat' dir='ltr'><strong>si</strong></span> <span class='ocrx_word' id='word_1_236' title='bbox 495 3180 667 3257; x_wconf 82' lang='lat' dir='ltr'><strong>vincamus,</strong></span> <span class='ocrx_word' id='word_1_237' title='bbox 682 3178 826 3246; x_wconf 84' lang='lat' dir='ltr'><strong>benevoli</strong></span> <span class='ocrx_word' id='word_1_238' title='bbox 840 3176 957 3245; x_wconf 86' lang='lat' dir='ltr'><strong>eruut?</strong></span> 
     </span>
     <span class='ocr_line' id='line_1_35' title="bbox 124 3263 1214 3354; baseline 0.002 -25"><span class='ocrx_word' id='word_1_239' title='bbox 124 3281 201 3329; x_wconf 77' lang='lat' dir='ltr'><strong>aaut.</strong></span> <span class='ocrx_word' id='word_1_240' title='bbox 215 3263 385 3330; x_wconf 80' lang='lat' dir='ltr'><strong>Servorum</strong></span> <span class='ocrx_word' id='word_1_241' title='bbox 400 3267 484 3332; x_wconf 90' lang='lat' dir='ltr'><strong>enim</strong></span> <span class='ocrx_word' id='word_1_242' title='bbox 498 3267 663 3353; x_wconf 90' lang='lat' dir='ltr'><strong>proprium</strong></span> <span class='ocrx_word' id='word_1_243' title='bbox 678 3267 749 3345; x_wconf 84' lang='lat' dir='ltr'><strong>hoc,</strong></span> <span class='ocrx_word' id='word_1_244' title='bbox 764 3266 886 3354; x_wconf 87' lang='lat' dir='ltr'><strong>tibique</strong></span> <span class='ocrx_word' id='word_1_245' title='bbox 900 3263 986 3332; x_wconf 88' lang='lat' dir='ltr'><strong>utile.</strong></span> <span class='ocrx_word' id='word_1_246' title='bbox 1149 3269 1214 3332; x_wconf 84' lang='grc'><strong>660</strong></span> 
     </span>
     <span class='ocr_line' id='line_1_36' title="bbox 125 3349 985 3444; baseline 0.001 -29"><span class='ocrx_word' id='word_1_247' title='bbox 125 3369 200 3415; x_wconf 74' lang='lat' dir='ltr'><strong>out.</strong></span> <span class='ocrx_word' id='word_1_248' title='bbox 215 3350 388 3427; x_wconf 86' lang='lat' dir='ltr'><strong>Quomodo</strong></span> <span class='ocrx_word' id='word_1_249' title='bbox 401 3353 500 3444; x_wconf 81' lang='lat' dir='ltr'><strong>igitur</strong></span> <span class='ocrx_word' id='word_1_250' title='bbox 513 3352 554 3418; x_wconf 87' lang='lat' dir='ltr'><strong>ad</strong></span> <span class='ocrx_word' id='word_1_251' title='bbox 568 3353 671 3439; x_wconf 87' lang='lat' dir='ltr'><strong>ipsum</strong></span> <span class='ocrx_word' id='word_1_252' title='bbox 685 3351 834 3418; x_wconf 86' lang='lat' dir='ltr'><strong>accedere</strong></span> <span class='ocrx_word' id='word_1_253' title='bbox 850 3349 985 3437; x_wconf 79' lang='lat' dir='ltr'><strong>potero?</strong></span> 
     </span>
     <span class='ocr_line' id='line_1_37' title="bbox 126 3435 989 3526; baseline 0.005 -24"><span class='ocrx_word' id='word_1_254' title='bbox 126 3455 202 3502; x_wconf 72' lang='lat' dir='ltr'><strong>sutt-</strong></span> <span class='ocrx_word' id='word_1_255' title='bbox 216 3435 251 3504; x_wconf 88' lang='lat' dir='ltr'><strong>Si</strong></span> <span class='ocrx_word' id='word_1_256' title='bbox 267 3439 341 3504; x_wconf 82' lang='lat' dir='ltr'><strong>illuc</strong></span> <span class='ocrx_word' id='word_1_257' title='bbox 355 3461 416 3517; x_wconf 83' lang='lat' dir='ltr'><strong>eus,</strong></span> <span class='ocrx_word' id='word_1_258' title='bbox 433 3461 497 3526; x_wconf 92' lang='lat' dir='ltr'><strong>quo</strong></span> <span class='ocrx_word' id='word_1_259' title='bbox 512 3438 652 3505; x_wconf 78' lang='lat' dir='ltr'><strong>tubures</strong></span> <span class='ocrx_word' id='word_1_260' title='bbox 666 3439 834 3506; x_wconf 87' lang='lat' dir='ltr'><strong>immolans</strong></span> <span class='ocrx_word' id='word_1_261' title='bbox 847 3439 989 3525; x_wconf 84' lang='lat' dir='ltr'><strong>aspiciat.</strong></span> 
     </span>
     <span class='ocr_line' id='line_1_38' title="bbox 126 3523 850 3614; baseline 0.006 -26"><span class='ocrx_word' id='word_1_262' title='bbox 126 3542 203 3588; x_wconf 72' lang='lat' dir='ltr'><strong>osu.</strong></span> <span class='ocrx_word' id='word_1_263' title='bbox 214 3523 315 3590; x_wconf 85' lang='lat' dir='ltr'><strong>Juxta</strong></span> <span class='ocrx_word' id='word_1_264' title='bbox 331 3525 424 3605; x_wconf 82' lang='lat' dir='ltr'><strong>viam,</strong></span> <span class='ocrx_word' id='word_1_265' title='bbox 440 3541 475 3592; x_wconf 91' lang='lat' dir='ltr'><strong>ut</strong></span> <span class='ocrx_word' id='word_1_266' title='bbox 488 3526 622 3605; x_wconf 84' lang='lat' dir='ltr'><strong>ridetur,</strong></span> <span class='ocrx_word' id='word_1_267' title='bbox 639 3547 731 3614; x_wconf 80' lang='lat' dir='ltr'><strong>agros</strong></span> <span class='ocrx_word' id='word_1_268' title='bbox 746 3525 850 3592; x_wconf 83' lang='lat' dir='ltr'><strong>habet.</strong></span> 
     </span>
     <span class='ocr_line' id='line_1_39' title="bbox 125 3609 977 3699; baseline 0.002 -25"><span class='ocrx_word' id='word_1_269' title='bbox 125 3621 200 3676; x_wconf 69' lang='lat' dir='ltr'><strong>sust.</strong></span> <span class='ocrx_word' id='word_1_270' title='bbox 214 3609 312 3677; x_wconf 85' lang='lat' dir='ltr'><strong>Unde</strong></span> <span class='ocrx_word' id='word_1_271' title='bbox 325 3613 535 3699; x_wconf 86' lang='lat' dir='ltr'><strong>conspicatus,</strong></span> <span class='ocrx_word' id='word_1_272' title='bbox 550 3627 583 3679; x_wconf 89' lang='lat' dir='ltr'><strong>te</strong></span> <span class='ocrx_word' id='word_1_273' title='bbox 596 3613 730 3679; x_wconf 74' lang='lat' dir='ltr'><strong>coumrii</strong></span> <span class='ocrx_word' id='word_1_274' title='bbox 741 3613 863 3679; x_wconf 87' lang='lat' dir='ltr'><strong>socium</strong></span> <span class='ocrx_word' id='word_1_275' title='bbox 876 3623 977 3678; x_wconf 83' lang='lat' dir='ltr'><strong>vocet.</strong></span> 
     </span>
     <span class='ocr_line' id='line_1_40' title="bbox 124 3697 958 3786; baseline 0 -24"><span class='ocrx_word' id='word_1_276' title='bbox 124 3715 200 3762; x_wconf 75' lang='lat' dir='ltr'><strong>orta.</strong></span> <span class='ocrx_word' id='word_1_277' title='bbox 211 3699 364 3764; x_wconf 75' lang='lat' dir='ltr'><strong>Amorum</strong></span> <span class='ocrx_word' id='word_1_278' title='bbox 380 3699 523 3786; x_wconf 88' lang='lat' dir='ltr'><strong>proiecto</strong></span> <span class='ocrx_word' id='word_1_279' title='bbox 537 3701 712 3778; x_wconf 84' lang='lat' dir='ltr'><strong>convivam,</strong></span> <span class='ocrx_word' id='word_1_280' title='bbox 727 3699 754 3764; x_wconf 91' lang='lat' dir='ltr'><strong>si</strong></span> <span class='ocrx_word' id='word_1_281' title='bbox 769 3699 860 3764; x_wconf 81' lang='lat' dir='ltr'><strong>Deus</strong></span> <span class='ocrx_word' id='word_1_282' title='bbox 873 3697 958 3765; x_wconf 85' lang='lat' dir='ltr'><strong>velit.</strong></span> 
     </span>
     <span class='ocr_line' id='line_1_41' title="bbox 124 3783 1018 3874; baseline 0.002 -26"><span class='ocrx_word' id='word_1_283' title='bbox 124 3801 199 3848; x_wconf 76' lang='lat' dir='ltr'><strong>sart.</strong></span> <span class='ocrx_word' id='word_1_284' title='bbox 211 3783 339 3850; x_wconf 83' lang='lat' dir='ltr'><strong>Deinde</strong></span> <span class='ocrx_word' id='word_1_285' title='bbox 352 3807 426 3852; x_wconf 82' lang='lat' dir='ltr'><strong>vero</strong></span> <span class='ocrx_word' id='word_1_286' title='bbox 440 3787 672 3874; x_wconf 85' lang='lat' dir='ltr'><strong>proutrestr’lri</strong></span> <span class='ocrx_word' id='word_1_287' title='bbox 684 3785 833 3852; x_wconf 89' lang='lat' dir='ltr'><strong>ceciderit</strong></span> <span class='ocrx_word' id='word_1_288' title='bbox 1008 3831 1018 3850; x_wconf 89' lang='lat'><strong>.</strong></span> 
     </span>
     <span class='ocr_line' id='line_1_42' title="bbox 124 3868 841 3940; baseline 0.004 -5"><span class='ocrx_word' id='word_1_289' title='bbox 124 3887 201 3935; x_wconf 76' lang='lat' dir='ltr'><strong>ou.</strong></span> <span class='ocrx_word' id='word_1_290' title='bbox 213 3868 352 3938; x_wconf 83' lang='lat' dir='ltr'><strong>Pulchre</strong></span> <span class='ocrx_word' id='word_1_291' title='bbox 366 3871 494 3940; x_wconf 83' lang='lat' dir='ltr'><strong>dixisti:</strong></span> <span class='ocrx_word' id='word_1_292' title='bbox 519 3887 620 3940; x_wconf 88' lang='lat' dir='ltr'><strong>mater</strong></span> <span class='ocrx_word' id='word_1_293' title='bbox 634 3895 709 3939; x_wconf 85' lang='lat' dir='ltr'><strong>vero</strong></span> <span class='ocrx_word' id='word_1_294' title='bbox 722 3871 779 3939; x_wconf 89' lang='lat' dir='ltr'><strong>ubi</strong></span> <span class='ocrx_word' id='word_1_295' title='bbox 793 3885 841 3938; x_wconf 68' lang='grc' dir='ltr'><strong>αι</strong></span> 
     </span>
     <span class='ocr_line' id='line_1_43' title="bbox 124 3957 956 4046; baseline 0 -24"><span class='ocrx_word' id='word_1_296' title='bbox 124 3975 199 4022; x_wconf 80' lang='lat' dir='ltr'><strong>sust.</strong></span> <span class='ocrx_word' id='word_1_297' title='bbox 214 3958 327 4046; x_wconf 76' lang='lat' dir='ltr'><strong>Argius</strong></span> <span class='ocrx_word' id='word_1_298' title='bbox 349 3959 451 4026; x_wconf 85' lang='lat' dir='ltr'><strong>aderit</strong></span> <span class='ocrx_word' id='word_1_299' title='bbox 463 3973 568 4026; x_wconf 87' lang='lat' dir='ltr'><strong>auteur</strong></span> <span class='ocrx_word' id='word_1_300' title='bbox 584 3963 700 4027; x_wconf 87' lang='lat' dir='ltr'><strong>marito</strong></span> <span class='ocrx_word' id='word_1_301' title='bbox 710 3959 751 4028; x_wconf 91' lang='lat' dir='ltr'><strong>ad</strong></span> <span class='ocrx_word' id='word_1_302' title='bbox 765 3957 956 4025; x_wconf 83' lang='lat' dir='ltr'><strong>convivium.</strong></span> 
     </span>
     <span class='ocr_line' id='line_1_44' title="bbox 125 4039 1096 4113; baseline -0.002 -5"><span class='ocrx_word' id='word_1_303' title='bbox 125 4062 199 4108; x_wconf 83' lang='grc' dir='ltr'><strong>οιι</strong></span> <span class='ocrx_word' id='word_1_304' title='bbox 213 4041 282 4110; x_wconf 88' lang='lat' dir='ltr'><strong>Cur</strong></span> <span class='ocrx_word' id='word_1_305' title='bbox 296 4067 371 4111; x_wconf 87' lang='lat' dir='ltr'><strong>rero</strong></span> <span class='ocrx_word' id='word_1_306' title='bbox 385 4059 485 4112; x_wconf 87' lang='lat' dir='ltr'><strong>muter</strong></span> <span class='ocrx_word' id='word_1_307' title='bbox 498 4069 568 4112; x_wconf 88' lang='lat' dir='ltr'><strong>mea</strong></span> <span class='ocrx_word' id='word_1_308' title='bbox 583 4067 655 4112; x_wconf 90' lang='lat' dir='ltr'><strong>cum</strong></span> <span class='ocrx_word' id='word_1_309' title='bbox 670 4047 786 4113; x_wconf 86' lang='lat' dir='ltr'><strong>marito</strong></span> <span class='ocrx_word' id='word_1_310' title='bbox 799 4044 893 4111; x_wconf 86' lang='lat' dir='ltr'><strong>simul</strong></span> <span class='ocrx_word' id='word_1_311' title='bbox 908 4065 972 4110; x_wconf 88' lang='lat' dir='ltr'><strong>uon</strong></span> <span class='ocrx_word' id='word_1_312' title='bbox 988 4039 1096 4110; x_wconf 80' lang='lat' dir='ltr'><strong>veuit?</strong></span> 
     </span>
    </p>
   </div>
   <div class='ocr_carea' id='block_1_3' title="bbox 126 4128 1213 4283">
    <p class='ocr_par' dir='ltr' id='par_1_3' title="bbox 126 4128 1213 4283">
     <span class='ocr_line' id='line_1_45' title="bbox 126 4128 1213 4283; baseline 0 -89"><span class='ocrx_word' id='word_1_313' title='bbox 126 4147 198 4194; x_wconf 81' lang='lat' dir='ltr'><strong>sarr.</strong></span> <span class='ocrx_word' id='word_1_314' title='bbox 210 4129 483 4283; x_wconf 76' lang='lat' dir='ltr'><strong>vituperationem</strong></span> <span class='ocrx_word' id='word_1_315' title='bbox 498 4146 641 4200; x_wconf 85' lang='lat' dir='ltr'><strong>metuens</strong></span> <span class='ocrx_word' id='word_1_316' title='bbox 655 4133 856 4221; x_wconf 87' lang='lat' dir='ltr'><strong>populan&#39;um</strong></span> <span class='ocrx_word' id='word_1_317' title='bbox 872 4131 952 4198; x_wconf 82' lang='lat' dir='ltr'><strong>dorsi</strong></span> <span class='ocrx_word' id='word_1_318' title='bbox 965 4128 1125 4196; x_wconf 79' lang='lat' dir='ltr'><strong>mmansit.</strong></span> <span class='ocrx_word' id='word_1_319' title='bbox 1147 4133 1213 4194; x_wconf 77' lang='grc'><strong>640</strong></span> 
     </span>
    </p>
   </div>
   <div class='ocr_carea' id='block_1_4' title="bbox 126 4215 975 4374">
    <p class='ocr_par' dir='ltr' id='par_1_4' title="bbox 126 4215 975 4374">
     <span class='ocr_line' id='line_1_46' title="bbox 126 4215 951 4308; baseline 0.004 -27"><span class='ocrx_word' id='word_1_320' title='bbox 126 4235 200 4282; x_wconf 74' lang='grc' dir='ltr'><strong>οιι</strong></span> <span class='ocrx_word' id='word_1_321' title='bbox 212 4215 284 4284; x_wconf 87' lang='lat' dir='ltr'><strong>Inte</strong></span> <span class='ocrx_word' id='word_1_322' title='bbox 308 4217 378 4308; x_wconf 70' lang='lat' dir='ltr'><strong>ipo:</strong></span> <span class='ocrx_word' id='word_1_323' title='bbox 403 4233 577 4308; x_wconf 83' lang='lat' dir='ltr'><strong>suspectam</strong></span> <span class='ocrx_word' id='word_1_324' title='bbox 593 4243 659 4286; x_wconf 89' lang='lat' dir='ltr'><strong>esse</strong></span> <span class='ocrx_word' id='word_1_325' title='bbox 673 4243 706 4286; x_wconf 89' lang='lat' dir='ltr'><strong>se</strong></span> <span class='ocrx_word' id='word_1_326' title='bbox 720 4221 808 4286; x_wconf 85' lang='lat' dir='ltr'><strong>norit</strong></span> <span class='ocrx_word' id='word_1_327' title='bbox 821 4217 951 4285; x_wconf 82' lang='lat' dir='ltr'><strong>civitati.</strong></span> 
     </span>
     <span class='ocr_line' id='line_1_47' title="bbox 126 4301 975 4374; baseline 0.002 -7"><span class='ocrx_word' id='word_1_328' title='bbox 126 4321 199 4370; x_wconf 82' lang='lat' dir='ltr'><strong>stus.</strong></span> <span class='ocrx_word' id='word_1_329' title='bbox 214 4301 265 4370; x_wconf 86' lang='lat' dir='ltr'><strong>lta</strong></span> <span class='ocrx_word' id='word_1_330' title='bbox 278 4319 342 4371; x_wconf 84' lang='lat' dir='ltr'><strong>est:</strong></span> <span class='ocrx_word' id='word_1_331' title='bbox 365 4305 441 4371; x_wconf 89' lang='lat' dir='ltr'><strong>odio</strong></span> <span class='ocrx_word' id='word_1_332' title='bbox 454 4307 537 4374; x_wconf 88' lang='lat' dir='ltr'><strong>euim</strong></span> <span class='ocrx_word' id='word_1_333' title='bbox 553 4306 678 4373; x_wconf 85' lang='lat' dir='ltr'><strong>laborat</strong></span> <span class='ocrx_word' id='word_1_334' title='bbox 691 4307 820 4374; x_wconf 86' lang='lat' dir='ltr'><strong>scelesta</strong></span> <span class='ocrx_word' id='word_1_335' title='bbox 835 4305 975 4372; x_wconf 76' lang='lat' dir='ltr'><strong>scamina.</strong></span> 
     </span>
    </p>
   </div>
   <div class='ocr_carea' id='block_1_5' title="bbox 0 0 1451 4856">
    <p class='ocr_par' dir='ltr' id='par_1_5' title="bbox 0 0 1451 4856">
     <span class='ocr_line' id='line_1_48' title="bbox 0 0 1451 4856; baseline 0 0"><span class='ocrx_word' id='word_1_336' title='bbox 0 0 1451 4856; x_wconf 95' lang='lat' dir='ltr'><strong> </strong></span> 
     </span>
    </p>
   </div>
  </div>
 </body>
</html>
