2888 4856
385 155 639 248 Huncuuus
661 155 858 224 FURENS.
1092 167 1155 224 000

157 333 219 400 lile
232 354 307 398 vero
316 331 464 420 jubilavit
477 345 509 398 et
544 329 751 410 loriebundus
765 329 835 412 brec
850 329 997 417 protulit:

158 419 254 486 Unus
268 417 395 506 quidem
410 419 462 484 liic
476 355 581 504 nudus
596 417 762 504 Eurysthei
779 431 931 496 mortuus,
959 413 975 422 ”

157 505 291 570 Poenem
306 508 486 590 persolvens
500 519 640 589 psternoe
655 503 836 582 inimicitie,
845 505 930 590 jacet
946 503 1033 571 mihi.

154 595 275 658 Arcum
291 613 366 656 vero
380 592 411 656 in
427 590 559 656 slterunr
574 589 717 668 intendit,
733 589 788 678 qui
802 587 843 654 ed
858 591 964 654 alteris

157 675 362 763 crepidinem
372 675 785 764 trepidsnsconfirgerncsic
796 675 959 741 latiturum
971 699 1004 744 re
1014 697 1152 764 εροταυι.

157 763 319 828 Praerenit
332 777 436 830 autern
452 761 492 828 ed
507 783 610 851 genua
666 761 721 826 tris
735 760 888 840 accidens,

159 847 204 914 Et
218 871 311 914 menn
327 851 366 914 ud
384 862 523 913 mentum
538 860 570 912 et
582 870 620 912 co
644 869 697 912 um
711 861 848 926 extense,

154 934 189 1000 Ο
204 933 392 1012 charissime,
408 935 440 1000 iu
464 935 520 1012 uit,
534 947 633 1021 peter,
646 955 689 998 ne
702 955 753 998 me
767 931 909 1010 occides3

156 1019 343 1099 Tuncrum,
359 1033 430 1086 tuus
479 1021 545 1086 ius:
568 1041 632 1087 non
646 1017 759 1104 perdes
775 1017 944 1106 Eurysthei
960 1019 1068 1086 filium.

154 1105 216 1172 lile
228 1129 304 1172 vero
318 1121 420 1172 uoces
433 1105 540 1172 oculos
554 1127 607 1170 eeu
623 1105 784 1206 Gorgonis
798 1104 927 1184 hebens,
1088 1113 1151 1176 070

155 1191 205 1260 Ut
218 1213 297 1278 puer
311 1193 396 1260 stetit
409 1193 491 1258 intre
499 1193 621 1278 jectum
636 1191 733 1256 tristis
746 1191 879 1278 tegittoe,

154 1277 226 1344 Ceu
240 1277 326 1343 faber
340 1277 498 1355 ferrerius,
513 1298 608 1363 supra
621 1291 717 1363 ceput
731 1277 874 1364 rejiciens

154 1363 295 1454 Lignum
311 1364 434 1432 demisit
448 1365 479 1428 in
495 1363 610 1429 flevum
624 1375 720 1448 ceput
733 1363 833 1449 pueri,

154 1447 263 1600 Fregit
286 1465 390 1552 eutem
412 1473 490 1516 osse.
536 1449 618 1515 Cum
640 1469 716 1514 vero
736 1447 910 1516 secundum
932 1447 1032 1514 lilium
1053 1451 1150 1516 inter-

251 1553 370 1616 ensset,

152 1620 252 1688 Vadit
266 1636 416 1712 tunquam
431 1625 552 1690 tertium
570 1624 726 1690 victimam
743 1637 933 1691 nectentur
947 1643 1042 1709 rupte
1056 1621 1145 1688 dnos

152 1707 217 1774 Sed
233 1711 398 1776 antevertit
412 1732 484 1776 eum
498 1711 581 1778 intre
595 1709 722 1788 donnum
739 1711 853 1776 misere

150 1791 300 1880 Eripiens
314 1809 424 1874 meter,
438 1813 470 1861 et
483 1795 602 1862 cluudit
618 1811 732 1880 portus.

149 1878 211 1945 Ille
223 1903 300 1946 vero
314 1881 401 1967 queri
410 1883 478 1969 jem
493 1881 534 1947 ed
549 1883 633 1968 ipsos
649 1881 835 1969 Cyclopicns
849 1901 950 1946 muros
963 1893 1053 1958 esset,

151 1965 258 2048 Fodit,
273 1967 412 2034 vectibus
426 1981 531 2034 moret
541 1967 642 2034 fores:
663 1980 696 2032 et
708 1968 846 2032 excussis
860 1965 1011 2053 postibus,

150 2050 293 2118 Uxorem
308 2053 454 2120 etlilium
469 2076 534 2120 uno
547 2053 611 2119 telo
625 2056 799 2140 prostravit.
1083 2059 1147 2118 980

147 2137 230 2204 lude
244 2161 395 2226 properet
409 2139 450 2206 ed
464 2162 571 2206 necem
586 2139 683 2205 senis:

149 2223 214 2290 Sed
229 2225 314 2290 venit
327 2226 443 2314 inungo,
460 2239 496 2292 ut
509 2226 594 2292 cerni
610 2225 783 2303 ridebatur,

147 2309 266 2460 galles
280 2333 378 2378 rnenu
391 2311 516 2377 ribrnns
530 2312 651 2378 hostem
666 2333 762 2394 supra
776 2311 927 2392 cervicem
949 2309 1067 2395 Virgo.)

178 2411 191 2460 t
199 2397 276 2482 jecit
290 2419 400 2464 surum
414 2399 447 2464 in
462 2412 570 2484 pectus
586 2397 743 2474 Herculis,
948 2391 966 2407 ''

145 2479 243 2559 Quod
256 2481 419 2583 prohibuit
433 2485 533 2571 ipsum
550 2482 701 2550 ufrnioso
715 2483 812 2560 coede,
826 2496 859 2548 et
872 2483 904 2546 in
920 2502 1064 2546 somnum

146 2567 299 2634 lmmiut:
320 2569 434 2635 cecidit
447 2585 553 2638 eutem
569 2569 602 2634 in
617 2568 731 2645 solum,
746 2568 786 2650 ed
801 2567 980 2634 columnam

144 2652 287 2742 Tergum
302 2653 444 2735 allidens,
460 2679 532 2742 quae
547 2655 580 2720 in
594 2655 687 2720 ruins
701 2655 774 2720 tecti

143 2739 300 2826 Disrupts
314 2740 434 2808 'scebet
448 2763 540 2828 super
554 2740 757 2827 crepidinem.

144 2825 211 2892 Nos
225 2848 300 2892 vero
307 2763 481 2894 liberantes
495 2851 515 2894 s
528 2827 603 2915 fuge
616 2825 739 2913 pedem,

143 2911 219 2978 Une
233 2933 305 2978 curn
321 2935 394 2980 sene
408 2929 441 2979 et
453 2913 579 2978 vinculo
592 2913 724 2978 ferentes
739 2912 851 3000 lequeo
1079 2917 1143 2978 990

145 2997 184 3064 Al
200 2999 208 3014 '
252 2999 352 3064 rimus
366 2999 406 3066 ed
420 2999 611 3077 columnam,
628 3013 672 3077 ut,
688 2997 779 3064 finito
792 3019 913 3078 somno,

143 3083 207 3151 Nih
245 3085 439 3185 prseterjnm
455 3099 577 3172 patratu
589 3084 714 3150 feceret.

142 3169 273 3236 Dormit
286 3185 392 3238 sutem
406 3172 458 3238 iile
473 3173 566 3238 miser
580 3192 726 3237 somnum
740 3191 805 3234 non
820 3168 950 3248 felicem,

140 3255 264 3323 Occisis
278 3255 383 3324 neeis
397 3271 429 3324 et
443 3279 552 3325 uxore.
596 3257 669 3346 Ego
683 3254 810 3344 quidem

141 3342 241 3410 Haud
255 3343 333 3422 scin,
347 3345 489 3433 quisnam
506 3344 685 3410 mortalium
700 3344 741 3408 sit
755 3340 917 3407 infelicior.

54 3448 131 3496 cuo.
140 3427 254 3495 Caedes
268 3443 347 3508 eret,
362 3453 457 3519 quum
471 3429 608 3496 celebret
621 3444 706 3494 terra
720 3429 878 3579 Arzolice,

136 3514 233 3580 Tunc
247 3515 374 3600 quidem
389 3517 593 3584 celeberrime
606 3529 638 3580 et
652 3513 770 3580 incredi
794 3514 852 3592 ilis,

137 3602 275 3667 Graeciae
288 3601 424 3670 filiarum
440 3601 563 3668 Danai:

136 3686 306 3754 Hsecvero
313 3689 394 3756 muln
403 3703 599 3776 supererunt,
611 3699 642 3754 et
652 3709 745 3754 cursu
756 3686 1138 3775 praeterieruntmeleilln.

137 3771 311 3840 Misereco
335 3775 508 3842 nstecaede
526 3775 667 3864 Prognes
682 3775 764 3840 unici
780 3773 836 3838 lilii
1055 3783 1137 3841 1000

136 3859 266 3924 Coedem
281 3797 418 3926 ellusis
432 3861 537 3927 dicere
552 3881 692 3946 possem:

135 3944 187 4010 Tu
202 3967 279 4011 vero
292 3960 356 4012 tres
371 3947 453 4012 filios
492 3970 547 4012 uos
560 3947 708 4036 genuisti,
724 3947 757 4012 Ο
771 3945 888 4022 infelix,

137 4029 278 4098 Rebioso
291 4031 451 4099 confecisti
465 3969 540 4099 fsto.

132 4117 255 4188 Qsslbns
268 4141 362 4206 quem
376 4120 528 4208 gemitum

134 4207 200 4270 Aut
214 4205 349 4285 luctum,
363 4219 419 4271 nut
432 4205 652 4272 defunctorum
669 4227 805 4283 enrmen,
821 4217 878 4268 sut
893 4201 971 4267 Plu·

573 4313 593 4356 n
610 4315 625 4355 ι·
