2852 4862
260 223 323 283 460
391 251 398 264 ‚
638 199 970 276 EURIPIDIS
1090 255 1092 258 -

346 385 453 452 Deum
467 383 566 484 igitur
580 381 676 459 hune,
688 380 829 468 quisquis
844 387 902 461 est,
918 381 948 444 0
962 369 1100 456 (1000100,
1138 395 1141 400 ·

347 471 466 552 Recipe
481 492 513 532 m
528 470 610 534 hanc
625 469 792 544 civitatem,
809 468 882 553 quia
898 479 929 529 et
943 469 971 530 r's
984 466 1096 553 aliquis
1112 486 1248 554 magnus
1261 479 1313 544 est,

347 557 390 621 Et
404 553 481 620 illud
498 557 585 620 alunt
602 555 716 638 ipsum,
732 566 766 620 ut
779 575 838 641 ego
853 553 960 633 audio,

348 643 506 707 Curarum
520 641 703 706 sedatricem
719 640 811 702 vitem
827 637 1159 705 dedisaemortalibus.

347 729 434 792 Vino
448 729 532 792 enim
549 727 683 801 subluto,
699 747 763 789 non
780 737 827 788 est
842 725 961 801 Venus,
1282 729 1336 802 780

347 815 459 900 Neque
475 813 538 877 ulla
550 813 612 877 alia
628 812 771 896 voluptas
787 810 966 876 hominibus
980 810 1125 896 amplius.

261 925 337 968 cuo.
349 900 462 965 Metuo
476 899 603 985 quIdem
618 899 714 961 verba
728 897 826 960 libera
841 897 954 962 dicere.

348 986 401 1051 Ad
416 1003 594 1072 tyrannum,
611 983 664 1048 sed
680 995 783 1048 tamen
801 985 864 1046 too
877 983 1040 1046 dleentur:

349 1071 493 1137 Bacchus
507 1071 635 1135 inferior
649 1069 737 1134 nullo
751 1069 882 1132 deorum
898 1083 955 1134 est.

263 1179 338 1225 000.
345 1159 417 1224 ι1000
455 1180 542 1241 rope,
558 1159 638 1220 sicut
653 1155 743 1244 ignis,
760 1154 944 1219 admovetur
958 1153 1027 1218 haec

347 1181 542 1309 Becciacum
558 1241 740 1328 petulantia,
758 1243 867 1327 ingens
882 1239 1018 1304 dedecus
1032 1239 1114 1305 inter
1129 1241 1272 1308 Graecoa.

346 1329 454 1406 Quare
469 1351 532 1392 non
547 1327 759 1393 cunctandum
774 1343 839 1391 est:
862 1327 941 1390 vade
955 1326 996 1390 ad
1010 1325 1153 1392 Electrae

348 1416 476 1481 Portas:
498 1429 529 1479 et
539 1415 617 1499 jube
629 1435 736 1477 omnes
750 1426 897 1490 scutatos,

346 1501 573 1588 Equorumque
601 1498 815 1584 velocipedum
851 1519 1074 1564 conscensores
1106 1499 1232 1564 obviam
1267 1501 1338 1566 milri

434 1608 549 1663 venue,

347 1673 390 1738 Et
404 1686 559 1760 quotquot
573 1672 696 1736 vibrant
709 1672 818 1758 peltas,
834 1687 866 1736 et
880 1692 975 1735 manu
989 1693 1121 1738 arcuum
1279 1681 1337 1742 700

347 1759 500 1824 Tractant
515 1781 635 1835 nervos,
654 1771 689 1823 ut
702 1758 818 1822 bellum
833 1757 1003 1822 inieramus

347 1845 492 1912 Bacchis.
538 1845 611 1910 Non
630 1846 713 1910 enim
732 1844 941 1922 tolerandum,
960 1843 1015 1910 sed
1034 1844 1165 1910 modum
1186 1845 1337 1912 excedunt

431 1931 510 2008 hec,

348 2020 381 2085 Si
396 2041 415 2082 0
431 2017 611 2082 mulieribus
627 2019 792 2103 patiemur,
808 2039 880 2104 quae
894 2019 1042 2103 patimur.

260 2103 432 2172 0001111011
448 2104 573 2190 quidem
590 2104 795 2189 obtemperas,
812 2105 941 2172 audiena
957 2125 1041 2168 meos
1055 2127 1225 2184 00000000,

229 2257 232 2264 ,
349 2191 510 2256 Penthea:
532 2189 614 2254 00010
627 2212 702 2255 vero
717 2213 737 2254 a
751 2205 781 2255 te
795 2193 938 2276 quamvis
953 2202 1078 2272 tracter,
1096 2207 1201 2257 tamen

348 2277 433 2342 Dico
447 2291 478 2340 te
491 2299 556 2340 non
570 2277 686 2342 debere
700 2299 787 2340 0000
802 2276 915 2340 1010000
929 2275 999 2353 deo,

348 2363 412 2429 Sed
427 2363 604 2448 quiescere:
628 2363 777 2427 Bromius
792 2364 868 2427 euim
883 2385 946 2426 nou
965 2364 1099 2447 patietur

351 2451 395 2514 Te
407 2449 523 2534 pellere
537 2448 678 2514 Bacchas
693 2449 734 2513 ab
751 2448 836 2512 Eviis
850 2450 1020 2514 montibus.

262 2555 337 2601 eeu.
349 2535 423 2599 Non
439 2533 572 2599 cessabis
587 2555 726 2611 monere,
741 2535 796 2599 sed
810 2534 940 2599 vinculis
954 2534 1077 2620 elapsus

345 2621 421 2686 Hoc
435 2633 600 2686 contentus
613 2621 684 2697 eris,
700 2621 817 2706 alioqui
831 2621 890 2686 tibi
903 2642 1033 2705 poenam
1046 2621 1215 2687 renovabo.
1279 2623 1337 2696 7⁵⁰

257 2727 330 2772 000.
348 2707 458 2773 Potius
471 2704 517 2772 illi
532 2707 751 2784 sacrificarem,
768 2729 861 2793 quam
877 2706 982 2772 furens

345 2791 549 2859 calcitronem
562 2794 712 2858 adversus
722 2793 883 2858 stimulum
895 2793 957 2869 dei,
970 2794 1037 2878 ipse
1049 2791 1336 2858 mortalisexisteus.

258 2899 335 2944 000.
346 2880 547 2957 Sacrificabo,
563 2882 680 2944 caedem
694 2901 768 2944 uero
782 2878 973 2957 foemineam,
989 2895 1026 2944 ut
1039 2881 1161 2945 meritae
1176 2891 1257 2956 sunt,

343 2965 483 3032 Multam
500 2987 629 3030 movens
643 2967 675 3030 10
692 2965 883 3031 Cithaeronis
892 2968 987 3052 jugis.

256 3071 331 3118 000.
344 3051 483 3139 Fugietis
498 3074 617 3128 omnes,
632 3053 775 3139 quamvis
789 3053 828 3116 sit
842 3065 944 3136 turpe,
959 3065 1047 3118 scuts

345 3137 450 3202 AEnea
464 3139 635 3204 concedere
650 3138 764 3222 thyrsis
780 3137 986 3203 Baccharum.

210 3276 213 3284 .
258 3244 334 3290 000.
345 3223 517 3312 Negotium
532 3223 683 3289 babemus
698 3246 770 3290 eum
784 3224 974 3289 intractabili
988 3222 1121 3308 hospite,

342 3310 410 3387 Qui
425 3331 526 3398 neque
539 3313 671 3394 patiens,
688 3333 789 3396 neque
803 3331 899 3398 agens
914 3311 1078 3375 tacebitur.

255 3417 330 3462 000.
343 3395 375 3460 Ο
390 3399 498 3474 amice,
515 3397 620 3461 adhue
635 3397 694 3461 ista
709 3410 791 3462 reete
804 3397 953 3481 componi
967 3408 1108 3496 possunt.

256 3503 334 3548 000.
344 3481 434 3558 Quid
448 3481 616 3549 iaciendo?
636 3505 677 3548 00
693 3481 857 3548 serviendo
871 3483 1002 3547 00001010
1016 3479 1116 3547 meis?
1282 3489 1337 3552 700

256 3590 330 3635 nac.
344 3567 415 3721 {fo
427 3571 572 3635 mulieres
587 3568 650 3633 huc
665 3569 818 3634 adducam
835 3571 903 3632 0100
917 3569 1024 3632 armis.

256 3675 333 3720 000.
383 3657 411 3720 ei
426 3656 504 3720 mihi
519 3659 525 3720 l
549 3657 630 3722 Rem
642 3655 726 3720 hane
740 3655 882 3720 dolosam
892 3656 959 3741 jam
975 3655 1007 3719 in
1022 3675 1073 3718 me
1087 3653 1289 3720 machinaris.

256 3763 330 3808 000.
344 3741 536 3820 Quamnam,
552 3743 577 3806 si
592 3755 623 3806 te
637 3765 761 3806 servare
775 3742 869 3828 cupio
883 3741 960 3806 meis
974 3739 1122 3806 artibus?

257 3847 333 3893 reu.
346 3827 397 3893 Ex
418 3832 595 3913 composito
616 3831 826 3894 communiter
848 3827 917 3893 baec
941 3827 1066 3904 lecistis,
1089 3842 1126 3892 ut
1149 3825 1338 3895 000000001οἰ

428 3937 492 3980 sem
534 3937 560 3981 r.

257 4021 330 4068 000.
344 4001 462 4066 Pactus
477 3937 603 4088 qiiidem
619 4023 689 4066 sum
705 4021 776 4066 cum
792 4001 863 4077 deo,
879 4023 919 4065 ne
934 4001 1063 4066 nescias.

255 4107 332 4153 000.
344 4087 461 4152 Effarte
475 4089 551 4153 mihi
567 4087 630 4153 lruc
645 4110 748 4152 arma:
772 4101 806 4152 tu
821 4109 897 4151 vero
911 4089 1018 4151 desine
1032 4088 1130 4173 loqui.

256 4194 330 4240 000.
344 4173 410 4256 (nh
423 4179 446 4248 ε)
470 4177 556 4239 visne
570 4175 653 4258 ipsas
669 4175 700 4237 in
719 4172 878 4238 montibus
893 4195 956 4238 una
971 4175 1115 4238 sedentes
1130 4173 1262 4240 uidere?

256 4279 331 4324 neu.
346 4259 496 4336 Maxime,
512 4261 591 4324 dans
606 4262 699 4324 ctiam
716 4281 866 4347 magnum
882 4259 950 4324 auri
966 4260 1101 4344 pondus.
