2798 4862
476 197 728 279 uel-Esus.

73 407 138 454 cuo.
149 385 282 463 Hector,
296 399 459 471 properus,
475 387 656 487 priusquam
666 388 752 452 ,scius
766 387 842 472 quid
859 403 991 476 agatore

150 475 200 538 An
215 473 299 538 enim
315 471 373 542 viri
391 472 497 538 Greci
510 471 646 561 fugiunt,
660 497 726 540 non
740 473 859 561 liquide
873 477 1000 544 scimus.

72 559 307 637 uecQuoenem
317 559 399 624 enirn
411 558 505 626 luerit
513 583 617 642 musa,
629 583 684 626 cur
697 561 885 627 Graecorum
897 565 1152 654 exercitus'ignes

233 645 385 711 accendet
399 652 515 711 noctu?
685 673 687 681 ⁴

72 754 142 798 ciro.
153 732 286 796 Nescio:
310 754 381 795 meo
395 745 501 808 tumen
517 734 623 798 enimn
637 756 684 798 res
698 734 760 798 lecu
773 746 820 798 est
833 735 925 800 valde
939 749 1092 822 suspecte.
1206 781 1209 788 ‚

73 819 266 904 nccOmnia
281 833 312 882 te
325 832 465 884 metuere
479 822 569 897 ecies,
584 820 609 884 si
626 819 687 884 boc
702 819 802 884 times.
1108 835 1150 891 80

71 927 143 972 cuo.
153 903 304 970 Nondum
319 918 412 972 antee
426 905 530 970 buttes
544 905 774 971 succenderunt
788 919 914 971 tentum
927 911 1044 997 ignem.

71 991 251 1058 necEtiom
267 1012 429 1078 nunquam
445 1005 520 1058 unte
534 1004 599 1057 torn
610 993 746 1078 turpiter
760 992 872 1078 praelio
881 993 943 1060 lusi
957 997 1150 1064 ceciderunt.

71 1099 143 1145 ono.
154 1077 211 1142 Tu
220 1077 293 1142 bene
307 1077 377 1144 haeo
391 1077 508 1142 fecisti:
531 1079 625 1142 etiem
641 1078 761 1165 relique
774 1079 856 1144 bene
869 1081 997 1166 dispice.

71 1185 144 1230 nnc.
152 1163 295 1249 Simplex
310 1174 354 1229 est
367 1166 470 1230 orutio
484 1164 631 1230 &versus
644 1165 759 1242 hostes,
769 1189 899 1232 urmnre
909 1170 1093 1236 exercitum.

69 1272 144 1318 cuo.
153 1249 254 1336 Atqui
268 1248 321 1316 hic
334 1249 456 1316 AEness
470 1250 561 1316 raldo
577 1273 606 1314 m
651 1273 691 1316 ne
705 1249 903 1318 festinatione
916 1256 1006 1338 pedit

151 1336 257 1414 Venit,
273 1357 387 1402 novum
401 1337 539 1423 aliquem
554 1270 769 1418 remfliiabens,
781 1343 999 1424 quern'smicis
1013 1344 1152 1410 nunciet.

66 1441 130 1490 mu.
153 1421 289 1501 Hector,
305 1445 403 1510 quere
417 1425 565 1488 nocturni
581 1446 637 1509 per
651 1425 823 1490 exercitum

152 1509 282 1595 Vigiles,
297 1509 339 1574 cd
354 1511 460 1575 omniu
474 1511 591 1576 cubilis
605 1509 737 1596 profecti
753 1524 874 1577 terrore

125 1641 131 1652 „
151 1595 263 1660 Delirn
277 1595 460 1681 loquuntur,
475 1611 507 1662 et
522 1596 667 1662 turbatus
681 1610 728 1662 est
742 1598 923 1663 exercitus?

67 1703 145 1748 nnc.
156 1679 271 1758 AEnee,
287 1683 410 1746 munias
425 1684 521 1747 ermis
535 1696 624 1748 tuum
639 1705 762 1768 corpus
1112 1697 1154 1754 90

65 1790 133 1835 reu.
156 1766 245 1845 Quid
261 1789 336 1834 vero
349 1767 420 1833 est?
441 1769 591 1856 numquis
606 1769 646 1833 ab
662 1770 805 1858 bostibot
820 1771 990 1837 nunciatur

152 1854 255 1919 Dolus
269 1855 411 1920 occultus
425 1855 505 1921 strui
519 1877 577 1940 per
591 1854 742 1920 noctem?

67 1963 148 2008 unc.
157 1941 299 2025 Fugiunt
317 1941 436 2020 Groeci,
452 1955 484 2006 et
497 1941 713 2006 conscendunt
727 1959 831 2006 neves.

61 2050 132 2096 flu.
157 2027 255 2104 Quod
269 2026 362 2113 hujus
376 2029 422 2092 rei
437 2027 542 2094 dicere
556 2043 645 2113 potes
659 2041 779 2094 certum
795 2029 946 2116 signum?

60 2137 145 2182 nec.
156 2115 362 2182 Succendunt
375 2137 431 2200 per
445 2127 544 2180 totum
559 2129 683 2180 noctem
698 2115 782 2200 feces
796 2115 901 2202 ignes:
1028 2117 1031 2125 '

155 2200 199 2266 Et
212 2201 291 2264 rnibi
306 2200 453 2267 videntur
466 2220 530 2266 non
546 2223 617 2266 ense
630 2200 768 2266 mansuri
784 2201 817 2265 in
833 2204 1017 2281 crastinum,

155 2287 230 2366 Sed,
245 2287 380 2352 incensis
393 2288 520 2376 ignibus
535 2289 662 2354 iubens
677 2289 853 2354 transtrutis
869 2291 1010 2368 neribus,

155 2374 247 2462 Fuge
260 2374 390 2440 domurn
404 2374 445 2439 eb
461 2376 520 2439 buc
535 2387 618 2440 turs
632 2373 807 2441 discessuri.

53 2483 132 2529 ΕΝ.
157 2459 212 2526 Tu
227 2483 303 2524 vero
316 2459 394 2547 quid
407 2460 546 2526 fecturus
560 2459 602 2526 ob
617 2461 687 2526 baec
700 2475 804 2528 armes
817 2463 1017 2529 exercitum?

52 2549 167 2616 mel
194 2569 245 2612 sos
259 2547 412 2634 fugientes
427 2563 457 2612 et
473 2546 617 2612 salientes
632 2549 662 2613 in
679 2571 773 2613 noves
827 2579 830 2592 ·
972 2563 981 2588 ⁸
1095 2558 1157 2618 loo

196 2645 262 2698 ests
276 2634 429 2709 retinebo,
444 2649 476 2700 et
489 2634 614 2698 instabo
628 2637 693 2700 illis
706 2636 827 2723 gravis:

154 2720 268 2806 Turpe
282 2720 366 2786 euim
381 2721 473 2784 nobis
483 2733 515 2786 et
526 2735 642 2806 proeter
652 2723 881 2806 turpitudinem
893 2722 1076 2788 damnosum
1092 2725 1156 2802 erit,

153 2807 231 2872 Deo
244 2805 447 2884 eoncedente,
462 2805 566 2872 hostes
581 2802 699 2893 ubsque
715 2830 819 2898 pngnu
1087 2859 1092 2866 .

154 2893 327 2960 Dimittere
341 2891 508 2982 fugientes,
522 2895 576 2979 qui
591 2915 646 2956 nor
659 2892 950 2959 affeceruncmultis
966 2892 1066 2958 melis.

37 3003 128 3052 ΕΝ.
156 2979 292 3046 Utinam
306 3001 388 3044 esses
402 2993 467 3045 tum
481 2983 616 3080 sepiens,
631 3002 726 3066 quem
741 3002 774 3045 es
786 2999 881 3045 runnu
894 2995 1061 3066 promptus
1073 2979 1081 3045 l

156 3067 279 3131 Verum
295 3087 358 3130 non
371 3089 456 3142 rmus,
469 3083 501 3130 et
514 3067 598 3132 idem
613 3067 794 3132 mortalium
809 3067 918 3131 omnio
930 3067 1011 3132 scire

155 3153 282 3220 Nature
295 3166 416 3238 potest:
439 3153 493 3218 elii
507 3155 590 3218 enim
605 3153 690 3218 uliud
706 3155 893 3220 attributum
907 3167 954 3218 est
968 3169 1096 3232 munus,

154 3239 235 3305 Tibi
251 3240 377 3324 quidem
392 3262 547 3341 pugnare,
562 3239 631 3304 eliis
645 3263 720 3305 vero
733 3239 896 3306 consulere
909 3255 1004 3306 recte.

155 3325 226 3402 Qui
240 3325 370 3391 audiens
384 3328 466 3414 igme
478 3325 561 3391 seces
575 3328 683 3391 enimc
695 3327 798 3392 elatus
811 3349 844 3393 es

155 3412 341 3479 Accendere
356 3413 499 3490 Grecos,
514 3427 546 3478 et
559 3413 733 3478 exercitum
748 3416 794 3479 ris
806 3416 950 3492 educere,
1100 3423 1163 3480 110

157 3498 335 3564 Transiens
346 3498 444 3563 fossae
459 3500 492 3562 in
506 3499 612 3564 medio
624 3513 727 3564 necte.

156 3585 262 3671 Atqui
276 3587 429 3650 tremiens
443 3607 552 3650 cavam
569 3585 816 3671 profunditatem
830 3587 995 3667 fossarum,

158 3673 276 3739 Sinon
292 3671 431 3736 invenies
444 3671 550 3738 hostes
565 3695 606 3738 ex
621 3686 706 3737 terre

158 3758 341 3846 Fugientes,
356 3759 411 3822 sed
426 3759 458 3822 in
476 3771 563 3823 tuum
577 3758 698 3824 bustum
714 3759 924 3845 respicientes,

157 3846 274 3910 Victus
282 3845 419 3931 quidem,
430 3868 505 3911 cecc
514 3867 555 3911 ne
567 3867 629 3910 oon
641 3847 758 3931 poteris
769 3847 866 3910 redire
873 3846 906 3910 in
918 3845 1000 3910 bunc
1009 3844 1165 3912 urbem*-

158 3931 336 4008 Quomodo
349 3931 434 3996 enim
449 3933 596 3998 transibit
608 3933 765 3998 exercitus
779 3933 811 3995 in
824 3931 899 4022 fuge
912 3933 1024 4018 pelosi

161 4021 204 4084 Et
218 4019 378 4120 quomodo
392 4040 449 4104 per
462 4033 575 4104 pontes
589 4019 770 4084 transibunt
784 4039 934 4084 curruum
949 4032 1098 4098 rectores,

153 4105 234 4172 Nisi
249 4107 431 4193 frangentes
445 4119 589 4172 rotarum
603 4105 781 4170 modiolos?

153 4192 304 4256 Vincens
318 4213 403 4270 vero,
419 4205 564 4277 puratum
577 4193 791 4259 &versarium
806 4192 904 4259 hebes
921 4193 1008 4259 Pelei
1023 4191 1137 4273 lilium,

150 4278 228 4355 Qui
245 4299 310 4344 non
325 4278 716 4367 tinetteinjicereigurm
729 4279 871 4360 novibus,
1106 4287 1167 4344 120
