2828 4864
267 203 329 270 176
644 175 971 268 uunrrrnrs

352 374 431 440 Avis
444 371 529 439 mim
543 383 580 438 ut
593 373 737 461 quodem
752 397 793 440 ex
805 377 950 442 munibus
964 375 1043 456 ultio,

353 459 444 527 Saltu
460 461 539 524 mihi
550 460 663 526 uoerbo
678 461 718 525 od
736 461 904 527 Plutonem
916 483 1024 528 ruens.

353 547 441 625 Heu,
469 545 544 696 pleq,
575 547 646 628 heu,
670 546 732 611 heu
760 549 947 628 minuenda,
976 550 1157 617 miserande
1184 567 1258 622 tunt
1289 557 1365 623 lraec

436 655 466 697 m
501 655 537 696 e.

355 719 407 786 Ex
421 731 563 784 anteacto
577 731 682 783 autem
696 739 766 783 aero
778 719 935 799 alicunde,
949 741 1124 812 consequor

352 806 569 871 calamitatem
585 807 669 884 hono,
684 820 815 890 propter
828 817 957 890 peecata
969 810 1002 872 in
1015 809 1101 889 deor,

355 892 561 978 Superiorum
575 889 716 977 alicujus.

267 978 390 1047 cnoo
406 999 464 1043 rex
477 999 543 1041 non
556 977 614 1042 tibi
628 977 688 1042 soli
700 977 771 1041 lraeo
787 979 870 1042 mola
883 980 1082 1046 ecciderunt:
1294 997 1363 1054 330

352 1065 438 1131 Cum
449 1063 557 1128 multis
571 1064 639 1128 eliis
653 1061 817 1149 perdidisti
831 1065 979 1151 inclytam
995 1069 1170 1153 ooojugem.

266 1173 347 1218 unu.
358 1150 425 1218 Sub
439 1163 523 1215 terre
537 1151 621 1231 volo,
635 1150 694 1215 sub
708 1163 792 1215 terra
805 1150 970 1238 caliginem
987 1155 1055 1218 huie

353 1237 403 1302 M·
443 1259 500 1302 uns
514 1236 668 1314 habitare,
682 1249 826 1301 mortuus
841 1241 875 1300 in
889 1240 1025 1302 tenebris
1037 1241 1142 1317 miser,

353 1323 404 1388 Or
444 1335 494 1388 tus
508 1337 563 1387 tue
576 1321 757 1386 charissime
771 1325 1015 1389 consuetudine:

354 1408 524 1474 Perdidisti
536 1409 620 1472 enim
636 1431 684 1472 me
698 1409 806 1493 mugio,
822 1431 915 1493 quum
930 1412 995 1494 ipro
1008 1414 1148 1497 perieris.

351 1493 514 1572 Quidnam
529 1495 633 1571 aridio,
649 1493 734 1558 undo
749 1495 849 1559 letalis
862 1495 914 1560 ille
925 1517 1014 1561 cesus

351 1580 483 1659 Mulier,
499 1580 630 1645 accessit
643 1583 685 1644 od
698 1581 845 1644 miserum
860 1603 915 1646 oor
926 1581 1042 1648 tuum?

351 1667 483 1733 Dioitne
495 1667 607 1754 aliquis
620 1665 747 1744 iactum,
764 1689 803 1730 on
817 1666 933 1734 frustra
947 1669 1072 1734 turbam

352 1755 381 1819 F
380 1753 558 1818 emulorum
575 1773 717 1816 meorum
732 1753 872 1818 continet
884 1754 998 1820 domus
1011 1755 1120 1844 regie?

353 1840 431 1906 Heu
441 1837 530 1918 mihi,
547 1838 636 1916 mihi,
651 1852 826 1925 propterte
1292 1851 1358 1912 840

352 1925 454 1991 Miser
466 1948 541 2002 utun,
557 1939 709 2011 quantum
722 1926 842 1990 luctum
858 1925 921 1990 vidi
936 1925 1051 1990 tedium

267 2041 272 2050 ·
299 2082 308 2092 ,
351 2011 426 2076 Non
440 2011 613 2088 ferendum,
630 2019 732 2098 neque
744 2011 934 2077 dicendum!
958 2013 1012 2078 red
1025 2013 1122 2098 periit

351 2097 496 2162 Domum
509 2097 674 2174 desertam,
690 2111 722 2162 et
735 2097 850 2162 liberos
864 2098 1025 2184 orphanos
1038 2100 1167 2188 oonjugi

351 2183 531 2270 Reliquisti,
545 2182 698 2270 reliquisti
711 2205 775 2264 nor,
791 2181 823 2248 Ο
837 2183 1020 2249 charissime
1033 2185 1201 2251 mulierum

352 2269 555 2356 Optimoque,
571 2281 727 2357 quotquot
741 2269 851 2354 aspicit

353 2356 478 2422 Lumen
493 2355 578 2432 solis,
593 2369 625 2420 et

351 2441 465 2508 Noctis
478 2440 634 2506 stelliferae
647 2439 739 2507 leuet.

266 2528 421 2596 cuoHei
434 2529 539 2606 miser,
555 2529 585 2591 0
598 2527 693 2591 miser
704 2527 711 2592 l
735 2543 889 2628 quantum
904 2530 1022 2596 mulum
1037 2529 1133 2596 hebet
1146 2531 1264 2600 domus
1277 2533 1286 2599 l

354 2613 520 2698 Palpebrae
532 2635 611 2678 meoe
621 2613 768 2701 lucrymis
1300 2659 1305 2670 ·

354 2700 493 2766 Peritum
506 2699 846 2766 mndeliunttuofeto:
1292 2713 1360 2774 850

351 2787 415 2939 {ed
429 2801 460 2853 et
471 2809 604 2888 pequens
619 2786 737 2852 mulum
750 2785 866 2852 horreo
874 2788 1075 2874 jampridem.

377 2896 439 2952 me,
454 2895 531 2938 stne.

352 2959 514 3036 Qudnam
530 2981 605 3024 vero
619 2960 688 3024 istae
702 2959 803 3024 litere
816 2981 857 3023 ex
873 2957 970 3024 charo
983 2983 1078 3024 manu

352 3048 518 3130 Suspenso
532 3047 589 3110 eibi
598 3047 722 3112 volunt?
745 3045 834 3122 Quid
849 3047 922 3109 novi
936 3047 1183 3133 significabunt?

350 3133 403 3196 An
417 3153 491 3196 vero
504 3132 545 3197 de
558 3130 639 3196 lecto
653 3131 821 3216 liberisque
834 3131 912 3196 mihi
928 3134 1033 3198 literas

351 3218 482 3303 Scripsit
495 3217 615 3296 infelix,
631 3218 744 3302 aliquid
755 3215 890 3303 petens?

351 3303 444 3370 Bono
459 3304 501 3386 uis
514 3305 631 3381 animo,
648 3307 775 3368 miserae
798 3304 894 3367 lectos
909 3304 992 3368 enim
1010 3303 1125 3369 'llresei

350 3389 555 3476 Domumque
569 3402 633 3454 non
648 3403 695 3453 est
710 3389 773 3454 ullu
787 3411 859 3477 quae
873 3393 913 3454 sit
928 3391 1106 3478 ingressuro
1118 3391 1246 3460 mulier.

351 3478 451 3578 Atqui
465 3491 551 3540 notae
566 3476 645 3562 pulte
659 3497 764 3540 uureoe

350 3563 459 3648 Hujus
473 3584 537 3626 non
553 3563 687 3648 emplius
701 3562 832 3664 viventis
847 3561 1053 3627 blandiuntur
1065 3563 1154 3629 mihi.
1295 3574 1362 3636 860

350 3647 984 3821 lttlltt²tlltlt³¹tl⁰tltt
997 3735 1103 3800 vernt

264 3839 339 3886 cuo.
350 3819 437 3898 Heu,
452 3820 534 3885 heu!
556 3819 619 3885 hoo
634 3823 745 3885 iterum
760 3842 877 3884 novum
893 3843 949 3905 per
962 3823 1192 3888 suroessionenr

351 3906 451 3971 Addit
467 3906 557 3972 Deus
573 3905 699 3970 molum.
745 3907 829 3972 Mihi
845 3906 943 3994 igitur

348 3991 434 4056 Vitoe
448 3993 562 4056 misem
575 3991 714 4057 conditio
726 4005 858 4078 propter
869 3993 935 4057 loc-

350 4089 416 4142 tum
428 4076 490 4142 hoo
505 4079 575 4143 erit.

349 4162 434 4228 Dico
447 4165 530 4227 enim
545 4165 684 4250 periisse,
700 4185 800 4252 neque
813 4165 949 4251 emplius
961 4187 1028 4230 esse

350 4247 426 4314 Heu
439 4248 511 4327 heu,
525 4251 653 4316 domum
669 4251 869 4316 dominorum
883 4273 1036 4317 meorum.
