2862 4864
276 237 340 297 802
661 215 964 294 EURIPIDIS

278 405 466 472 auaMulta
480 427 495 469 r
536 403 543 420 '
560 417 592 470 et
605 403 678 469 duci
695 403 834 470 curanda
848 419 930 470 suut.

275 515 349 559 rra.
360 493 409 558 Da
424 506 454 556 te
468 493 510 555 mi
536 492 544 554 i
560 513 655 568 nunc,
670 511 729 555 nec
744 491 784 555 ad
799 493 880 556 ullus
893 513 983 556 curas
998 497 1198 561 convertaris„

274 581 460 666 aot.Atqui
476 599 545 642 sum
560 591 664 642 tecum
679 589 774 656 tetus,
789 599 857 641 non
868 577 955 644 alibi.
990 587 999 604 ·

276 687 348 732 rra.
362 665 500 730 Remitte
515 685 599 728 nuuc
615 664 827 750 supercilium,
844 667 1015 750 oculosque
1030 665 1119 730 laetos
1132 669 1268 752 explica.

274 756 441 826 acasscce
448 752 516 836 jam
531 751 632 826 laetor,
647 763 807 836 utcunque
821 749 912 814 laetor
926 751 1001 814 dum
1019 765 1050 816 te
1064 753 1166 834 vidco,
1180 755 1255 819 filia.
1293 767 1357 824 640

275 858 348 904 rra.
360 838 403 903 Et
417 851 521 902 tamen
536 835 712 922 lachrymas
726 858 765 898 err
779 835 877 899 oculis
893 838 954 900 tuis
968 837 1157 921 profundis?

274 925 469 1010 aut.Lougu
483 922 566 986 enim
582 923 637 985 erit
650 922 741 985 nobis
750 924 815 1008 jam
831 925 1088 1010 appropinquans
1103 927 1254 994 umentia.

274 1028 348 1077 rra.
359 1011 483 1087 Nescio,
499 1010 542 1071 mi
557 1008 738 1072 charissime
751 1019 850 1092 puter,
866 1012 972 1074 nescio
986 1011 1061 1096 quid
1076 1011 1175 1077 dicas.

272 1096 450 1173 aas.Quod
465 1095 635 1180 prudnter
650 1095 796 1181 loqueris,
812 1115 851 1159 eo
864 1099 966 1184 magis
987 1117 1039 1162 me
1059 1097 1100 1161 ad
1121 1099 1354 1164 miserationem

441 1203 559 1246 moves.

273 1290 347 1336 rra.
357 1269 510 1334 Dicemus
522 1267 623 1355 igitur
636 1265 741 1344 stulta,
757 1267 781 1329 si
797 1267 893 1331 modo
906 1282 938 1332 te
951 1267 1144 1334 exhilarabo.

271 1377 349 1422 aus.
360 1355 479 1438 Papael
501 1375 564 1416 aon
580 1371 709 1438 possum
723 1365 843 1417 tacere:
865 1365 897 1418 te
911 1375 985 1418 vero
1000 1355 1104 1419 laudo.

273 1463 345 1506 rrrr.
357 1439 465 1516 Mane,
481 1438 513 1505 Ο
528 1453 626 1522 pater,
641 1439 813 1502 domicum
831 1440 893 1503 tuis
910 1439 1024 1504 liberis.

270 1547 346 1592 acu.
356 1525 439 1590 Volo
453 1526 597 1611 quidem:
620 1523 675 1588 sed
689 1525 803 1610 exequi
817 1547 881 1589 non
898 1527 1015 1590 babens
1029 1526 1130 1592 doleo.

271 1634 342 1679 terr.
354 1613 488 1676 Valeant
503 1611 602 1675 bustoe
617 1625 647 1675 et
664 1613 745 1674 mala
761 1610 919 1675 Menelai!

269 1721 344 1764 aon.
356 1698 448 1763 Prius
461 1697 539 1762 alios
552 1696 695 1782 perdent,
707 1718 779 1783 quae
794 1717 844 1760 me
857 1697 1071 1782 perdiderunt.
1287 1709 1352 1768 650

270 1805 344 1850 rra.
353 1785 460 1862 Quam
475 1783 605 1871 longum
619 1782 745 1847 abfiristi
760 1798 882 1868 tempus
896 1783 930 1846 in
946 1783 1076 1848 Aulidis·
1086 1783 1280 1850 recessibus!

269 1870 505 1936 aon.Prohibet
519 1891 570 1934 me
585 1872 778 1934 nuncetiam
794 1869 913 1955 aliquid
928 1871 1071 1934 traicere
1084 1873 1269 1936 exercitum.

270 1978 342 2022 rra.
354 1957 458 2033 Pater,
474 1955 527 2020 ubi
542 1957 653 2020 dicunt
670 1955 813 2042 Phryges
826 1893 993 2020 babitarei

267 2065 343 2112 aaa
351 2043 417 2108 Ubi
431 2043 551 2106 utinam
568 2063 633 2106 nun
657 2063 729 2106 uam
746 2041 915 2105 habitasset
930 2041 1019 2106 Paris
1036 2041 1153 2106 Priami
1168 2041 1264 2109 lilius.

267 2150 340 2196 ren.
351 2128 464 2193 Procul
482 2129 618 2214 navigas,
681 2141 779 2212 pater,
796 2127 941 2191 deserens
955 2126 1030 2192 me?

267 2237 344 2281 aaa.
356 2215 394 2280 lu
416 2213 549 2278 eundem
571 2233 677 2277 rerum
698 2226 824 2290 statum,
840 2213 874 2278 0
887 2235 957 2278 mea
978 2213 1053 2291 lilia,
1069 2227 1102 2280 tu
1118 2235 1246 2300 quoque
1260 2216 1350 2280 venis

436 2315 506 2364 cum
545 2313 621 2364 atre.

265 2384 455 2472 ren.(0h!)
480 2321 611 2452 Utinam
632 2397 711 2449 esset
731 2384 897 2449 honestum
920 2385 1007 2463 mssri,
1029 2385 1149 2473 tibique
1168 2409 1223 2451 me
1243 2401 1348 2452 tecum

433 2472 641 2557 navigationis
655 2472 800 2535 comitem
814 2471 939 2536 ducere.

264 2557 436 2635 aanuid
458 2555 623 2644 molas?
651 2569 682 2622 et
707 2557 764 2621 tibi
789 2571 835 2621 cst
860 2558 1028 2646 navigatio,
1052 2557 1106 2622 ubi
1132 2559 1351 2624 recordaberis

455 2645 541 2709 atris.

264 2751 337 2796 rra.
349 2666 546 2796 Cumpmatre
560 2731 720 2815 navigans,
736 2751 776 2793 an
791 2730 867 2806 sola,
883 2727 1088 2814 proficiscar?

263 2817 422 2882 aca.Sola
435 2829 596 2920 segregata
611 2839 629 2880 a
644 2827 779 2900 patreet
793 2829 902 2880 matre.
1283 2827 1350 2884 660

193 2955 201 2972 .
263 2925 336 2969 reu.
350 2904 402 2966 An
418 2903 514 2989 igitur
526 2925 556 2968 m
572 2903 647 2966 alias
661 2902 745 2965 tedes
758 2921 809 2964 me
823 2901 966 2976 collocas,
983 2901 1094 2986 pater?

260 3011 336 3054 aaa·
348 2988 443 3053 Mitte
457 2987 540 3054 baec:
562 3007 626 3052 non
641 2989 724 3052 enim
739 3001 865 3072 oportet
878 2987 998 3072 puellas
1012 2987 1082 3051 haec
1095 2987 1186 3051 scire.

260 3097 335 3141 rra.
346 3074 449 3151 Pater,
464 3095 609 3176 propera,
625 3089 660 3139 ut
675 3074 783 3139 redeas
796 3074 838 3138 de
853 3073 1044 3162 Phrygibus,
1060 3073 1152 3138 rebus
1174 3071 1241 3138 illic
1264 3089 1350 3140 reete

432 3177 556 3225 currus.

260 3268 337 3312 ace.
345 3247 482 3333 Oportet
495 3269 543 3310 me
558 3247 644 3330 prius
658 3244 710 3312 hic
725 3247 882 3333 quoddam
898 3245 1085 3310 sacrificium
1100 3244 1212 3309 iacere.

260 3355 333 3400 rra.
342 3331 442 3420 Atqui
457 3353 529 3396 cum
544 3332 755 3397 sacerdotibus
777 3343 902 3418 oportet
923 3331 1095 3396 deliberare
1115 3330 1201 3396 bauo
1222 3353 1350 3398 sacram

429 3440 508 3483 rem.

256 3503 395 3572 aca'l'u
410 3505 504 3569 scies:
526 3504 642 3569 astabis
657 3505 739 3568 enim
756 3525 856 3589 prope
869 3504 1040 3568 lavacrum.

260 3601 332 3656 retr.
342 3591 379 3656 Ο
388 3605 487 3678 pater,
504 3591 695 3655 iaciemusne
708 3591 841 3655 eborum
856 3591 939 3654 cirea
953 3587 1065 3654 anm?

257 3697 333 3744 aaa.
343 3679 438 3745 Duco
452 3691 483 3742 te
496 3675 558 3741 hoc
579 3699 645 3742 esse
662 3677 842 3754 beatiorem,
858 3697 954 3762 quam
968 3695 1030 3752 ure,
1045 3673 1131 3760 quod
1145 3673 1233 3738 uilril·
1242 3678 1349 3744 bom

426 3783 514 3828 screa

342 3849 405 3914 Sed
420 3851 452 3914 in
464 3851 579 3915 atrium
594 3866 656 3926 eea,
673 3861 708 3913 ut
719 3847 846 3912 videant
862 3863 893 3914 te
928 3847 1029 3923 uelle,

340 3936 432 4001 Dans
447 3937 524 4001 milri
539 3935 684 4001 acerbum
699 3933 840 4000 osculum
854 3947 887 3999 et
900 3869 1058 4010 dextram,
1281 3943 1350 4006 670

342 4020 424 4086 Cum
439 4024 480 4086 ais
495 4022 591 4110 longo
606 4035 747 4104 ternpore
760 4019 907 4085 ablutura
921 4044 940 4084 a
954 4035 1055 4106 patre.

341 4105 379 4170 0
387 4121 524 4194 pectora,
540 4123 572 4174 et
584 4131 691 4196 genas,
707 4107 852 4173 Oliaros
866 4105 1006 4188 capillos,

340 4193 505 4270 Quantum
520 4195 660 4259 dolorem
676 4193 766 4260 nobis
781 4193 889 4259 attulit
902 4192 1002 4278 Troja

337 4281 381 4346 Et
397 4279 543 4346 Helena!
567 4280 677 4346 desino
690 4281 797 4368 loqui:
820 4279 925 4344 subito
938 4279 1023 4343 enim
