2888 4856
286 240 350 301 582
677 231 988 306 EURIPIDIS

371 407 532 474 Alimenta
545 408 663 490 matris,
678 430 780 496 noque
794 409 916 476 lernou
929 412 1084 493 manibus.

373 494 436 560 Sed
450 497 483 559 in
497 509 589 559 antro
603 494 728 560 deserto
741 497 844 564 avium

374 581 497 646 Rostris
511 580 613 648 coedes
625 581 817 668 epulumque
830 583 871 646 ad
896 629 907 650 .

372 667 511 731 Mortem
526 669 643 753 ejectus
657 689 698 730 ea

287 771 357 814 ron.
372 754 403 818 Ο
417 753 487 818 dira
502 767 602 817 mater
615 775 692 816 ausa
703 752 714 830 l

285 856 361 902 cna.
372 839 463 904 Metu
478 839 647 904 constricta
661 852 747 902 tuam

372 925 520 989 Animam
536 924 668 1009 perdidI,
683 923 744 990 fili:

372 1011 416 1076 Et
429 1010 534 1076 occidi
547 1023 578 1075 te
592 1011 699 1074 iuvita.
739 1015 743 1024 '

287 1115 358 1160 ron.
372 1097 416 1162 Et
431 1122 450 1162 a
464 1117 593 1161 menon
609 1098 661 1182 pie
673 1095 827 1160 moritura
839 1113 917 1160 erus.

284 1201 359 1246 cna.
373 1183 449 1248 Heu
461 1182 469 1247 l
495 1184 606 1246 misera
645 1180 749 1246 uidem
763 1180 915 1265 nmcsur't
929 1182 1064 1264 fortuna,

372 1269 492 1335 Misera
505 1288 580 1332 voro
593 1281 627 1332 et
662 1287 709 1332 aec
724 1279 833 1334 eram.-
856 1268 923 1334 vol·

371 1356 474 1419 vimur
487 1355 572 1418 illinc
588 1353 650 1418 lruc
660 1355 810 1417 aerumnis

373 1440 586 1526 secundisque
600 1439 693 1504 rebus
708 1459 824 1516 rursus,

371 1526 540 1591 Mutantur
553 1526 637 1590 enim
651 1547 750 1590 auroe.

371 1613 501 1677 Maneat
515 1633 604 1676 uero.-
627 1611 781 1676 sulllelant
795 1611 959 1695 mperiora
971 1611 1070 1676 mala:
1092 1635 1178 1680 nune

372 1699 458 1763 Vero
472 1697 600 1784 quidam
615 1697 770 1762 secundus
785 1709 896 1760 vetitus
911 1717 950 1761 ex
963 1697 1056 1763 ¹mulia
1069 1713 1158 1766 ortus
1169 1715 1230 1783 eat,
1243 1701 1279 1768 0
1293 1703 1353 1770 ali.

284 1803 363 1846 ciro.
374 1784 478 1850 Nemo
492 1795 581 1868 putet
596 1784 768 1870 quidquam
784 1781 963 1848 homiuibus
977 1805 1116 1872 unquam
1291 1799 1369 1859 1511

371 1871 568 1956 Insperatum
581 1889 647 1935 esse
660 1870 859 1934 considemus
873 1891 919 1950 es,
934 1879 1007 1955 quae
1021 1891 1107 1936 nune
1120 1875 1283 1942 uooidunt.

285 1973 354 2018 ron.
370 1957 403 2023 O
416 1959 565 2044 quaejam
581 1957 707 2020 mutasti
722 1959 902 2020 innumeros
916 1957 1063 2021 mortales

371 2043 419 2110 Ut
432 2055 535 2108 essent
548 2041 685 2107 infelices
698 2055 730 2106 et
745 2061 852 2106 rursus
866 2041 956 2106 valde
967 2040 1073 2107 felices
1085 2059 1198 2124 went,

371 2129 523 2207 Fortuna,
538 2129 579 2193 ad
593 2128 686 2216 quale
699 2139 851 2212 punctum
867 2128 939 2192 vitae
953 2131 1104 2207 remmus,

370 2215 416 2280 Ut
429 2229 561 2279 matrem
570 2213 642 2296 sere
655 2214 820 2288 caederem,
834 2225 866 2276 et
879 2213 1012 2298 Indigna
1025 2215 1094 2299 ipae
1107 2229 1241 2300 patera.

369 2301 462 2386 (Heu
473 2303 497 2382 l)
519 2321 558 2366 an
575 2302 607 2364 in
623 2298 733 2364 lucidis
747 2299 820 2363 solis
834 2299 1167 2367 circumvolutionibus

370 2387 457 2452 Inest
470 2388 525 2472 qui
540 2386 596 2450 has
610 2407 699 2450 ossus
713 2404 823 2450 omnm
836 2399 988 2469 expertus
1001 2391 1072 2454 att
1092 2429 1096 2446 ,

370 2473 509 2537 Charum
525 2473 623 2558 igitur
636 2473 797 2536 inventum
811 2483 853 2549 ue,
867 2480 978 2548 mater,
995 2473 1181 2551 invenimus,

371 2557 620 2646 Etgenusnihil
634 2555 826 2643 culpandum
840 2559 932 2621 nobis
943 2559 1070 2642 utique:
1290 2565 1373 2623 1⁵20

371 2645 495 2709 Caetera
510 2663 585 2709 vero
598 2645 638 2708 ad
654 2657 685 2708 te
698 2644 797 2708 solum
813 2642 884 2706 volo
898 2642 1013 2709 dioare.

373 2729 451 2796 Huc
466 2730 595 2795 accede:
618 2731 650 2794 in
665 2747 773 2797 aurem
788 2729 872 2793 enim
888 2729 945 2794 llos
960 2751 1118 2796 sermones
1132 2729 1332 2808 diouevole,

371 2815 414 2880 Et
428 2816 592 2880 offundere
606 2815 749 2880 tenebras
764 2814 813 2878 his
828 2814 932 2880 rebus.

371 2901 454 2966 Vide
468 2916 513 2979 tu,
531 2917 639 2978 mater,
656 2922 696 2966 ne
709 2923 782 2965 curn
797 2900 885 2984 lapsa
900 2901 1004 2981 lueria,
1019 2903 1075 2988 qni
1085 2903 1265 2992 virginibus

370 2987 479 3051 Inesse
493 2988 572 3052 solet
587 2987 725 3064 morbus,
741 2987 774 3050 ln
788 2987 928 3051 oooultos
942 2994 1125 3072 magnerius,

301 3079 305 3088 '
370 3073 498 3139 Deinde
513 3075 584 3138 Deo
598 3073 718 3138 tribuas
732 3072 868 3156 culpam,

370 3158 481 3223 Meum
499 3183 573 3224 vero
586 3159 740 3244 pudorem
755 3158 893 3246 effirgere
906 3179 1034 3236 eonmrs,

371 3245 534 3331 Peperisse
549 3269 599 3309 me
611 3244 697 3309 dicas
714 3245 848 3323 Phoebo‚
862 3265 935 3308 cum
949 3254 1013 3308 nou
1028 3248 1188 3330 pepereris
1201 3268 1245 3313 ex
1260 3247 1344 3314 Deo-

283 3346 358 3392 can.
372 3333 458 3408 Non,
474 3353 531 3415 per
545 3351 624 3407 eam,
639 3348 713 3418 quoe
727 3330 886 3417 quondam
900 3351 997 3395 curru
1010 3343 1095 3396 secta
1108 3331 1183 3398 tulit
1197 3355 1289 3418 opem

370 3417 541 3481 Victoriam
561 3418 735 3482 Minervam
750 3417 822 3482 lovi
836 3415 985 3481 advertus
997 3419 1181 3505 terrigena,
1286 3427 1372 3486 1⁵³0

372 3502 487 3567 Nullus
503 3503 685 3576 mortalium
696 3517 744 3567 est
759 3503 816 3567 tibi
829 3521 931 3588 pater,
945 3503 1050 3583 Ofili,

371 3589 434 3654 Sed
450 3589 503 3674 qui
519 3600 548 3654 te
561 3589 706 3654 educavit
720 3588 839 3675 Apollo
855 3587 939 3652 Rex.

286 3693 356 3736 ron.
369 3675 542 3750 Quomodo
556 3675 653 3760 igitur
665 3695 756 3738 nuum
772 3674 871 3738 filium
885 3673 973 3738 dedit
983 3673 1078 3738 alteri
1091 3677 1187 3772 patri,
1434 3723 1435 3732 1

372 3760 423 3824 Ex
439 3761 616 3846 Xuthoque
628 3761 706 3825 dicit
720 3781 771 3825 me
783 3759 1113 3825 mammilliani?

283 3865 358 3910 rna.
372 3847 578 3935 Progenitum
592 3845 719 3932 quidem
734 3851 814 3910 es‘eo
829 3857 857 3910 te
871 3867 936 3910 non
948 3846 1026 3910 dicit
1038 3848 1180 3928 maamad
1194 3847 1329 3914 eidonat
1340 3863 1371 3914 te

372 3932 422 3996 Ex
439 3955 472 3996 se
486 3947 612 3997 nutum:
634 3934 750 3996 etenim
765 3933 884 3996 amicos
898 3933 1001 3996 amioo

370 4017 459 4084 Dare
473 4031 566 4105 queat
580 4039 671 4084 suurn
687 4019 786 4082 filium
803 4018 960 4082 lraeredem
976 4017 1103 4084 domus.

285 4121 354 4166 ron.
372 4103 459 4169 Deus
473 4105 602 4192 quidem
620 4118 723 4168 utrum
740 4126 835 4168 verax
849 4103 900 4180 sit,
916 4123 958 4168 an
971 4101 1089 4170 frum
1103 4105 1298 4182 vaticinetur,
1433 4107 1434 4170 l

372 4189 480 4254 Meam
495 4190 618 4267 merito,
633 4203 743 4267 mater,
759 4203 896 4254 mentem
911 4191 1087 4275 perturbat.
1433 4229 1434 4246 1

282 4275 1367 4376 caesuriigiturnunaquaemihiinmentsmmutoflli:
1433 4259 1434 4351 l
