2794 4862
304 219 572 290 AECESTIS.

190 392 376 476 fuemadmdm
386 394 507 478 iprorroo
522 413 634 480 parens
648 395 739 481 perit,

190 481 298 544 oriantur
308 479 454 560 immature,
467 479 522 546 sed
536 479 639 546 felices

190 566 248 631 atrio
254 565 389 651 jucundam
401 565 490 638 vitam
505 565 666 652 impleant

190 674 286 737 sporro
296 673 358 730 arar,
369 673 429 738 quas
443 664 533 718 erant
546 653 579 718 in
593 653 715 718 aedibus
731 651 870 730 Admeti,
896 655 956 719 170

190 739 280 824 llarqus
290 738 420 804 coronavit
431 749 463 802 et
476 744 604 823 precata
616 749 673 814 eat,

190 850 198 888 ι
208 824 284 911 myrti
295 824 372 888 ramis
383 822 530 906 mudena,

190 923 223 987 ro,
235 911 290 974 sine
300 910 407 998 gemitu,
422 931 442 974 n
504 931 522 976 e
534 923 701 976 venturum

190 997 275 1061 orabat
286 996 421 1062 flomntem
433 1018 472 1062 co
484 1017 569 1062 orem
585 997 676 1064 cutis.

190 1105 216 1146 ro
227 1083 329 1148 irruens
340 1082 368 1146 in
380 1081 556 1159 thalamum,
572 1096 604 1149 et
617 1084 649 1148 in
664 1081 791 1160 lectum,

190 1169 301 1254 orymari
314 1168 396 1254 coepit
407 1180 437 1234 et
450 1167 529 1234 dixit
542 1167 630 1234 haee:
736 1167 740 1176 ’

198 1277 252 1342 quo
264 1255 410 1342 virgineam
423 1254 500 1318 solvi
514 1277 574 1342 ego

190 1363 234 1405 am
248 1361 309 1406 cum
321 1338 374 1424 hoc
386 1341 459 1418 viro,
474 1363 533 1428 pro
547 1340 687 1427 quojom
702 1340 829 1416 morior,

194 1427 265 1491 enirn
279 1439 306 1490 tc
317 1425 372 1491 odi.
412 1425 580 1492 Perdidisti
594 1439 699 1493 tamen
713 1447 764 1490 me

189 1514 254 1577 arira
266 1511 338 1578 eninr
352 1523 380 1578 te
391 1511 534 1597 prodere,
549 1525 581 1578 et
595 1513 753 1592 maritum,
786 1559 789 1590 2
893 1516 953 1574 180

189 1599 233 1664 lia
247 1620 313 1662 vero
326 1597 361 1664 ali
382 1621 419 1662 oa
431 1598 544 1664 mulier
557 1611 588 1664 te
601 1596 783 1684 possidebit,
1008 1604 1010 1618 '

189 1709 198 1749 r
213 1685 323 1760 castior,
399 1683 526 1750 fortasse
539 1683 667 1751 felicior.

189 1783 300 1835 ’autern
313 1793 373 1834 eom
385 1769 547 1836 advoluta:
570 1782 656 1836 totus
669 1791 744 1836 nero
756 1768 855 1834 lectus

189 1869 292 1922 anante
305 1855 458 1944 rigabatur
471 1856 625 1942 proluvie.

189 1957 255 2008 rtem
266 1942 426 2006 molt-arum
435 1941 951 2029 lacrymarumbabuitaatietatem,

189 2053 220 2093 ra
233 2028 408 2105 thalamum,
423 2027 586 2096 discedens
599 2052 619 2093 a
633 2030 725 2106 lecto,

189 2139 242 2180 rasa
255 2135 293 2178 cx
308 2113 442 2180 thalamo
455 2117 554 2180 codem
568 2113 670 2194 rediit,

196 2202 226 2264 in
243 2200 353 2266 lectum
368 2201 479 2266 iterum
494 2213 590 2288 atque
602 2201 726 2266 iterum.

188 2335 191 2350 .
204 2288 313 2352 matris
326 2298 408 2353 veste
423 2287 593 2371 pendentes

188 2373 224 2438 lla
239 2394 313 2438 voro
328 2373 498 2457 suscipiens
513 2373 545 2437 in
560 2373 661 2450 ulnas,
894 2378 954 2438 190

189 2483 207 2524 rs
222 2459 331 2537 alium,
347 2473 400 2524 tan
427 2481 497 2523 uam
508 2459 573 2545 jam
588 2459 751 2526 moritura.

189 2573 190 2602 r
206 2543 318 2610 famuli
334 2545 368 2609 in
383 2481 505 2610 aedibus
518 2543 696 2631 plorabant,

188 2643 333 2696 reruntea.
366 2630 429 2696 Illa
442 2653 516 2698 vero
529 2629 674 2696 dextram

188 2717 294 2806 tgulis,
310 2728 343 2782 et
358 2715 465 2782 nullus
478 2729 547 2782 erat
560 2729 625 2781 tarn
639 2716 720 2793 vilis,

189 2815 374 2891 oqueretur,
391 2815 424 2868 st
438 2801 680 2888 compellaretur
693 2801 734 2869 ab
749 2822 788 2886 eo
801 2798 944 2866 vicissim.

189 2903 208 2953 :t
224 2890 261 2954 in
277 2887 410 2954 aedibus
424 2886 562 2954 Admeti.

189 2975 305 3041 uidem
329 2975 497 3060 periissem
529 2969 615 3038 nun'c
639 2993 714 3038 vero
738 2981 953 3039 comportem

189 3171 230 3212 rm
242 3148 367 3228 habet,
384 3149 475 3235 cnjus
489 3170 652 3236 nunquam
666 3146 875 3214 obliviscetur.

200 3248 324 3322 gemet
340 3233 514 3312 Admotus,

188 3334 334 3407 oportet
351 3321 475 3406 privari
488 3321 574 3388 bona
587 3318 745 3408 conjuge?
890 3323 953 3382 200

189 3407 358 3473 manibus
374 3405 499 3472 habens
511 3405 639 3473 charam
653 3407 829 3494 conjugem,

189 3517 219 3570 rr,
239 3515 289 3559 ne
305 3515 348 3560 ae
365 3493 506 3570 deserat,
522 3491 728 3580 impossibilia

188 3581 331 3646 umitur
349 3579 456 3658 enim,
472 3591 504 3645 et
518 3579 710 3644 contabescit
722 3575 834 3661 morbo

189 3677 257 3743 ata,
277 3665 453 3732 miserum
467 3687 618 3730 manuum
633 3665 767 3750 pondua.

189 3861 218 3901 »n
252 3860 264 3900 r
404 3860 424 3902 u
459 3860 477 3902 e
513 3861 528 3902 s

210 3946 364 4000 rursus,
383 3937 422 3988 et
436 3945 521 3989 nunc
535 3937 728 4008 postremum

190 4033 236 4075 ue
254 4011 353 4078 solis
372 4008 423 4074 sit
438 4011 582 4090 visura.)-

189 4119 241 4160 rm
261 4095 461 4162 nunciabo
474 4095 674 4182 praesontiam
690 4115 698 4156 r
895 4163 897 4170 ,

189 4225 191 4240 ·
211 4183 376 4248 subditi
394 4181 481 4247 berre
494 4185 604 4247 volunt
617 4178 763 4256 dominia,
892 4183 956 4242 010

189 4269 292 4334 dant
312 4269 357 4334 in
381 4268 487 4334 malis.
848 4271 852 4280 '

374 4364 439 4420 03
