2794 4862
381 219 715 290 SUPPLICES.
1007 229 1094 292 ,007

162 393 351 482 'Nequetfferens
364 397 549 476 certamina,
565 401 597 462 in
613 398 726 484 quibus
741 398 933 463 occumbant
945 397 1017 474 viri,

168 482 266 567 Sepelit
271 483 363 568 justum
378 481 471 561 duco,
487 505 686 556 communem
703 484 893 550 Graecorum
907 485 1008 572 legem

168 572 268 637 Servum
300 567 373 644 Quid
389 569 520 634 istorum
536 591 600 634 non
617 581 702 636 recte
716 593 749 636 se
763 569 881 636 habet?

164 654 254 721 Etenim
266 656 283 717 si
295 654 353 740 quid
369 655 452 738 passi
465 657 538 720 estis
552 657 592 722 ab
608 657 749 746 Argivis,

162 741 252 807 Mortui
262 741 433 821 sunt‚etulti
447 743 521 808 estis
534 741 639 808 hostes
653 744 823 829 praeclare:
1031 751 1094 807 680

160 827 274 914 Turpiter
282 841 367 892 sutem
382 828 457 914 ipsis
471 842 502 892 et
516 829 664 894 vindictae
673 831 726 916 jus
739 830 832 916 perit.

158 914 234 980 Sinite
239 914 289 1000 jann
301 926 372 978 terra
382 915 447 1002 tegi
461 927 612 994 mortuos,

157 999 229 1067 Unde
239 1016 318 1064 autern
330 1021 525 1087 unaquaeque
537 1023 612 1084 pora
625 1002 709 1067 venit
723 1003 757 1066 in
772 1002 879 1078 vitam,

153 1087 192 1168 Eo
202 1085 289 1165 redire,
301 1085 442 1170 Spiritum
458 1087 584 1174 quidem
600 1089 633 1152 in
648 1087 809 1165 aetherem,

151 1173 248 1257 Corpus
260 1173 358 1237 veroin
374 1187 507 1237 terram:
529 1173 615 1239 haud
630 1175 713 1240 eninr
727 1173 925 1260 possidemus
999 1181 1002 1196 '

147 1259 233 1346 ipsum
244 1259 310 1322 nodus
319 1259 490 1344 proprium,
501 1261 561 1324 nisi
575 1273 611 1324 ut
624 1261 797 1326 incolamus
806 1261 837 1324 id
849 1260 926 1324 dum
939 1255 1084 1335 vivimus,

105 1359 108 1366 '
144 1344 247 1410 Deinde
258 1358 363 1430 oportet
377 1357 485 1410 terrum
500 1369 573 1434 quoe
587 1345 665 1412 aluit
678 1348 781 1433 ipsum
798 1348 946 1431 recipere.

143 1433 256 1496 Putasne
267 1445 291 1494 te
302 1431 378 1495 malo
389 1431 512 1497 afficere
528 1435 676 1521 Argivos,
688 1455 751 1496 non
766 1433 919 1518 sepeliens
933 1426 1097 1495 mortuos?

141 1517 168 1582 N
201 1537 329 1602 usquam:
350 1517 389 1582 ad
404 1529 504 1584 totam
518 1519 677 1585 Graeciam
693 1519 755 1584 hoc
770 1519 916 1602 pertinet,

137 1539 303 1670 sitiendum
315 1617 454 1668 mortuos
468 1607 514 1682 iis,
531 1627 603 1691 qnae
617 1605 735 1672 debent
748 1604 899 1691 consequi
1034 1611 1097 1669 640
1149 1627 1154 1638 “

134 1689 270 1754 Retinebit
281 1690 384 1776 aliquis
398 1690 583 1776 insepultos.
629 1692 744 1759 Afferet
759 1691 843 1754 enim
859 1689 1056 1754 timiditatem

133 1775 270 1852 Fortibus,
284 1776 306 1839 si
318 1776 386 1841 talis
398 1790 538 1861 ponatur
551 1777 613 1842 lex.

130 1861 168 1926 Et
180 1861 247 1926 mihi
261 1861 375 1947 quidem
391 1864 504 1928 venisti
519 1865 643 1928 minans
657 1865 777 1928 atrocia
790 1863 904 1928 mrbus

126 1947 259 2012 Mortuos
271 1969 338 2013 vero
351 1949 540 2026 formidaris,
557 1950 582 2012 si
599 1955 748 2033 tegantur
762 1949 874 2013 terrai

125 2033 204 2112 Quid
217 2055 254 2098 ne
266 2033 405 2100 accidat?
425 2057 466 2100 ne
480 2035 631 2100 effodiant
644 2048 760 2102 terram
775 2036 891 2100 seilicet

121 2123 250 2185 Vestram
260 2119 391 2206 sepulti?
414 2143 455 2186 an
470 2143 511 2186 ne
524 2123 556 2185 in
572 2123 713 2186 cavernis
726 2133 810 2186 terra
825 2121 940 2186 liberos

117 2207 261 2295 Gignant,
275 2229 292 2271 a
306 2207 418 2292 quibus
432 2209 537 2272 veniat
551 2208 656 2295 aliqua
670 2205 773 2271 ultio?

114 2293 223 2380 Inepta
235 2307 315 2358 certe
328 2306 372 2358 eat
385 2294 455 2358 haec
470 2315 607 2379 expensa
621 2292 775 2370 mollitiei,

112 2379 236 2444 Timere
248 2401 341 2444 vanos
355 2391 387 2444 et
402 2382 510 2445 inanes
525 2395 636 2445 metus.

107 2465 181 2546 sed,
197 2465 338 2547 Ostulti‚
352 2466 534 2555 cognoscite
546 2466 714 2531 hominum
729 2466 822 2530 maia.
1038 2473 1101 2531 660

105 2553 222 2617 Nostra
236 2553 299 2616 vita
312 2563 356 2616 est
366 2552 461 2630 luctu,
477 2567 551 2618 aunt
566 2565 671 2618 autem
686 2551 841 2616 fortunati

99 2639 163 2704 Alii
178 2638 306 2724 quidem
322 2638 469 2704 mortales
483 2641 571 2717 olim,
586 2639 637 2702 alii
655 2661 728 2703 vero
742 2651 860 2722 postea,
876 2637 930 2701 alii
939 2638 1016 2721 jam.

97 2725 245 2790 Fortuna
258 2747 335 2789 vero
350 2725 445 2789 ludit:
470 2724 510 2788 ab
525 2724 720 2789 infortunato
730 2724 824 2800 enim,

92 2811 237 2875 Honore
251 2809 399 2887 afficitur,
415 2823 451 2875 ut
461 2831 612 2895 prospere
626 2824 714 2897 agut3

88 2898 213 2962 Beatus
228 2917 309 2962 vero
330 2897 433 2974 iilum,
449 2913 591 2961 metuens
607 2917 648 2960 ne
669 2895 808 2959 secunda
823 2897 912 2959 Aura
927 2893 1032 2979 ipsum
1047 2891 1102 2956 de-

174 2983 279 3059 ficiat,

80 3069 271 3136 Sublimem
289 3069 386 3135 tollit.
433 3070 577 3159 Cognitis
592 3070 690 3160 igitur
704 3068 754 3133 his
769 3077 903 3152 oportet,

75 3155 212 3241 injuria
227 3154 366 3222 affectos
382 3155 542 3234 mediocri,
559 3158 627 3222 sine
640 3157 697 3233 im,
713 3155 867 3220 tolerare:

70 3243 227 3329 Injurias
245 3265 329 3307 vero
344 3241 522 3325 esssunere,
537 3265 610 3331 quae
624 3265 689 3307 non
705 3241 824 3306 laedant
839 3235 1092 3325 Rumpublioam.

66 3328 271 3405 Quomodo
286 3329 390 3417 igitur
404 3331 460 3392 inor
473 3329 556 3394 eniti
576 3343 774 3394 mortuorum
790 3347 925 3412 corpora

65 3414 230 3500 Sepelire
245 3414 295 3478 da
313 3415 407 3479 nobis
420 3415 477 3502 qui
491 3415 636 3480 volumus
651 3417 798 3499 pietatem
812 3413 925 3478 colere.
1042 3415 1105 3474 660

65 3503 138 3566 Aut
154 3500 357 3650 ltpanisesta
372 3513 441 3565 sunt
455 3523 527 3588 quse
549 3515 657 3587 postea
670 3502 769 3582 fient:
791 3521 860 3564 nom
883 3501 947 3574 ibo,
963 3509 994 3560 et
1017 3517 1105 3579 sepe·

170 3607 250 3652 rann
270 3610 320 3651 vu.

62 3673 266 3760 “unquam
287 3674 379 3738 eninr
394 3673 541 3738 offeretur
555 3674 638 3738 inter
653 3673 795 3750 Graeeos,

62 3761 165 3836 Quod
185 3760 236 3824 ad
257 3781 332 3838 me,
346 3774 378 3825 et
393 3761 504 3824 urbem
524 3759 695 3824 Pandionis
708 3759 837 3822 veniens

62 3847 167 3909 'etus
187 3845 353 3912 deorum
367 3847 420 3911 lex
434 3845 597 3931 deperdita
609 3844 713 3910 fuerit.

62 3931 228 4008 tonfide,
251 3955 398 3997 servans
412 3933 498 3998 enim
515 3935 619 3996 iumen
630 3931 773 4016 justitiae‚

62 4016 222 4107 ffiagies
242 4019 382 4084 multos
398 4019 561 4084 hominum
576 4021 674 4082 malou
688 4037 856 4080 sennones.

62 4105 158 4169 isne
178 4115 307 4169 tuum
328 4127 505 4171 sermonem
521 4104 608 4169 breui
622 4102 788 4169 scindant?

62 4191 114 4267 ic,
140 4191 178 4254 si
201 4191 310 4277 quid
331 4194 397 4257 vis:
412 4215 471 4257 nec
486 4194 570 4258 eninr
586 4215 618 4255 ea
633 4191 818 4255 taciturnus.
