<?xml version="1.0" encoding="UTF-8"?>
<!DOCTYPE html PUBLIC "-//W3C//DTD XHTML 1.0 Transitional//EN"
    "http://www.w3.org/TR/xhtml1/DTD/xhtml1-transitional.dtd">
<html xmlns="http://www.w3.org/1999/xhtml" xml:lang="en" lang="en">
 <head>
  <title>
</title>
<meta http-equiv="Content-Type" content="text/html;charset=utf-8" />
  <meta name='ocr-system' content='tesseract 3.04.00' />
  <meta name='ocr-capabilities' content='ocr_page ocr_carea ocr_par ocr_line ocrx_word'/>
</head>
<body>
  <div class='ocr_page' id='page_1' title='image "./euripidistragoe00mattgoog/euripidistragoe00mattgoog_0261.png"; bbox 0 0 2854 4866; ppageno 0'>
   <div class='ocr_carea' id='block_1_1' title="bbox 252 171 316 234">
    <p class='ocr_par' dir='ltr' id='par_1_1' title="bbox 252 171 316 234">
     <span class='ocr_line' id='line_1_1' title="bbox 252 171 316 234; baseline 0.063 -4"><span class='ocrx_word' id='word_1_1' title='bbox 252 171 316 234; x_wconf 72' lang='lat'><strong>256</strong></span> 
     </span>
    </p>
   </div>
   <div class='ocr_carea' id='block_1_2' title="bbox 640 161 971 234">
    <p class='ocr_par' dir='ltr' id='par_1_2' title="bbox 640 161 971 234">
     <span class='ocr_line' id='line_1_2' title="bbox 640 161 971 234; baseline 0.009 -3"><span class='ocrx_word' id='word_1_2' title='bbox 640 161 971 234; x_wconf 82' lang='lat' dir='ltr'>EURIPIDIS</span> 
     </span>
    </p>
   </div>
   <div class='ocr_carea' id='block_1_3' title="bbox 335 338 1232 496">
    <p class='ocr_par' dir='ltr' id='par_1_3' title="bbox 335 338 1232 496">
     <span class='ocr_line' id='line_1_3' title="bbox 335 338 1092 429; baseline 0 -21"><span class='ocrx_word' id='word_1_3' title='bbox 335 341 481 408; x_wconf 88' lang='lat' dir='ltr'><strong>Horrens</strong></span> <span class='ocrx_word' id='word_1_4' title='bbox 494 357 589 426; x_wconf 84' lang='lat' dir='ltr'><strong>anper</strong></span> <span class='ocrx_word' id='word_1_5' title='bbox 603 349 719 404; x_wconf 85' lang='lat' dir='ltr'><strong>terram</strong></span> <span class='ocrx_word' id='word_1_6' title='bbox 734 339 818 406; x_wconf 89' lang='lat' dir='ltr'><strong>hanc</strong></span> <span class='ocrx_word' id='word_1_7' title='bbox 830 338 983 429; x_wconf 75' lang='lat' dir='ltr'><strong>hugllera</strong></span> <span class='ocrx_word' id='word_1_8' title='bbox 996 342 1092 428; x_wconf 81' lang='lat' dir='ltr'><strong>spica.</strong></span> 
     </span>
     <span class='ocr_line' id='line_1_4' title="bbox 335 425 1232 496; baseline 0.004 -4"><span class='ocrx_word' id='word_1_9' title='bbox 335 425 476 492; x_wconf 84' lang='lat' dir='ltr'><strong>Astricts</strong></span> <span class='ocrx_word' id='word_1_10' title='bbox 489 438 594 490; x_wconf 80' lang='lat' dir='ltr'><strong>sutem</strong></span> <span class='ocrx_word' id='word_1_11' title='bbox 609 425 735 492; x_wconf 87' lang='lat' dir='ltr'><strong>vinculo</strong></span> <span class='ocrx_word' id='word_1_12' title='bbox 749 448 817 492; x_wconf 92' lang='lat' dir='ltr'><strong>non</strong></span> <span class='ocrx_word' id='word_1_13' title='bbox 830 427 982 492; x_wconf 84' lang='lat' dir='ltr'><strong>vinolenti</strong></span> <span class='ocrx_word' id='word_1_14' title='bbox 994 427 1115 494; x_wconf 84' lang='lat' dir='ltr'><strong>frondis</strong></span> <span class='ocrx_word' id='word_1_15' title='bbox 1129 451 1232 496; x_wconf 70' lang='lat' dir='ltr'><strong>sucre</strong></span> 
     </span>
    </p>
   </div>
   <div class='ocr_carea' id='block_1_4' title="bbox 334 510 1377 1292">
    <p class='ocr_par' dir='ltr' id='par_1_4' title="bbox 334 510 1377 942">
     <span class='ocr_line' id='line_1_5' title="bbox 336 510 1048 596; baseline 0.001 -18"><span class='ocrx_word' id='word_1_16' title='bbox 336 511 457 578; x_wconf 82' lang='lat' dir='ltr'><strong>Manen</strong></span> <span class='ocrx_word' id='word_1_17' title='bbox 470 510 512 577; x_wconf 86' lang='lat' dir='ltr'><strong>ud</strong></span> <span class='ocrx_word' id='word_1_18' title='bbox 526 524 628 578; x_wconf 84' lang='lat' dir='ltr'><strong>castos</strong></span> <span class='ocrx_word' id='word_1_19' title='bbox 642 510 729 578; x_wconf 84' lang='lat' dir='ltr'><strong>focos</strong></span> <span class='ocrx_word' id='word_1_20' title='bbox 742 512 876 578; x_wconf 80' lang='lat' dir='ltr'><strong>duorum</strong></span> <span class='ocrx_word' id='word_1_21' title='bbox 892 513 1048 596; x_wconf 82' lang='lat' dir='ltr'><strong>Deorum,</strong></span> 
     </span>
     <span class='ocr_line' id='line_1_6' title="bbox 335 597 1060 700; baseline 0 -34"><span class='ocrx_word' id='word_1_22' title='bbox 335 597 549 700; x_wconf 79' lang='lat' dir='ltr'><strong>Proserpinae,</strong></span> <span class='ocrx_word' id='word_1_23' title='bbox 563 612 596 662; x_wconf 89' lang='lat' dir='ltr'><strong>et</strong></span> <span class='ocrx_word' id='word_1_24' title='bbox 612 599 748 676; x_wconf 88' lang='lat' dir='ltr'><strong>Cereris,</strong></span> <span class='ocrx_word' id='word_1_25' title='bbox 765 599 918 664; x_wconf 88' lang='lat' dir='ltr'><strong>miserans</strong></span> <span class='ocrx_word' id='word_1_26' title='bbox 932 601 1060 688; x_wconf 87' lang='lat' dir='ltr'><strong>quidem</strong></span> 
     </span>
     <span class='ocr_line' id='line_1_7' title="bbox 336 685 1182 766; baseline 0 -15"><span class='ocrx_word' id='word_1_27' title='bbox 336 687 442 751; x_wconf 86' lang='lat' dir='ltr'><strong>Canas</strong></span> <span class='ocrx_word' id='word_1_28' title='bbox 455 697 531 750; x_wconf 83' lang='lat' dir='ltr'><strong>ntes</strong></span> <span class='ocrx_word' id='word_1_29' title='bbox 544 697 660 750; x_wconf 87' lang='lat' dir='ltr'><strong>matres</strong></span> <span class='ocrx_word' id='word_1_30' title='bbox 674 686 801 756; x_wconf 79' lang='lat' dir='ltr'><strong>orbatas</strong></span> <span class='ocrx_word' id='word_1_31' title='bbox 815 685 933 764; x_wconf 87' lang='lat' dir='ltr'><strong>liberis,</strong></span> <span class='ocrx_word' id='word_1_32' title='bbox 1178 759 1182 766; x_wconf 53' lang='grc'>,</span> 
     </span>
     <span class='ocr_line' id='line_1_8' title="bbox 334 771 1377 859; baseline 0.007 -24"><span class='ocrx_word' id='word_1_33' title='bbox 334 773 560 856; x_wconf 81' lang='lat' dir='ltr'><strong>veneransque</strong></span> <span class='ocrx_word' id='word_1_34' title='bbox 574 791 678 838; x_wconf 84' lang='lat' dir='ltr'><strong>sacros</strong></span> <span class='ocrx_word' id='word_1_35' title='bbox 693 793 797 837; x_wconf 89' lang='lat' dir='ltr'><strong>ramos</strong></span> <span class='ocrx_word' id='word_1_36' title='bbox 810 771 1024 840; x_wconf 10' lang='lat' dir='ltr'><strong>lonawvelatos.</strong></span> <span class='ocrx_word' id='word_1_37' title='bbox 1050 771 1141 840; x_wconf 81' lang='lat' dir='ltr'><strong>Abiit</strong></span> <span class='ocrx_word' id='word_1_38' title='bbox 1148 787 1258 841; x_wconf 83' lang='lat' dir='ltr'><strong>antem</strong></span> <span class='ocrx_word' id='word_1_39' title='bbox 1265 775 1351 842; x_wconf 88' lang='lat' dir='ltr'><strong>mihi</strong></span> <span class='ocrx_word' id='word_1_40' title='bbox 1371 851 1377 859; x_wconf 45' lang='grc'><em>,</em></span> 
     </span>
     <span class='ocr_line' id='line_1_9' title="bbox 334 856 1095 942; baseline 0.003 -20"><span class='ocrx_word' id='word_1_41' title='bbox 334 856 388 923; x_wconf 85' lang='lat' dir='ltr'><strong>Ad</strong></span> <span class='ocrx_word' id='word_1_42' title='bbox 404 856 514 922; x_wconf 87' lang='lat' dir='ltr'><strong>urbenr</strong></span> <span class='ocrx_word' id='word_1_43' title='bbox 530 878 648 942; x_wconf 81' lang='lat' dir='ltr'><strong>praeco,</strong></span> <span class='ocrx_word' id='word_1_44' title='bbox 665 857 825 923; x_wconf 84' lang='lat' dir='ltr'><strong>Theseum</strong></span> <span class='ocrx_word' id='word_1_45' title='bbox 840 857 905 923; x_wconf 90' lang='lat' dir='ltr'><strong>hnc</strong></span> <span class='ocrx_word' id='word_1_46' title='bbox 918 873 1095 938; x_wconf 82' lang='lat' dir='ltr'><strong>vocaturus,</strong></span> 
     </span>
    </p>

    <p class='ocr_par' dir='ltr' id='par_1_5' title="bbox 334 941 1010 1024">
     <span class='ocr_line' id='line_1_10' title="bbox 334 941 1010 1024; baseline 0 -14"><span class='ocrx_word' id='word_1_47' title='bbox 334 943 383 1010; x_wconf 91' lang='lat' dir='ltr'><strong>Ut</strong></span> <span class='ocrx_word' id='word_1_48' title='bbox 397 956 451 1008; x_wconf 86' lang='lat' dir='ltr'><strong>aut</strong></span> <span class='ocrx_word' id='word_1_49' title='bbox 465 941 587 1008; x_wconf 76' lang='lat' dir='ltr'><strong>auferat</strong></span> <span class='ocrx_word' id='word_1_50' title='bbox 603 943 760 1009; x_wconf 87' lang='lat' dir='ltr'><strong>miseriam</strong></span> <span class='ocrx_word' id='word_1_51' title='bbox 774 943 888 1012; x_wconf 86' lang='lat' dir='ltr'><strong>hurum</strong></span> <span class='ocrx_word' id='word_1_52' title='bbox 904 959 1010 1024; x_wconf 71' lang='lat' dir='ltr'><strong>terre,</strong></span> 
     </span>
    </p>

    <p class='ocr_par' dir='ltr' id='par_1_6' title="bbox 334 1029 1251 1120">
     <span class='ocr_line' id='line_1_11' title="bbox 334 1029 1251 1120; baseline 0.007 -24"><span class='ocrx_word' id='word_1_53' title='bbox 334 1030 404 1096; x_wconf 84' lang='lat' dir='ltr'><strong>Aut</strong></span> <span class='ocrx_word' id='word_1_54' title='bbox 417 1031 510 1094; x_wconf 90' lang='lat' dir='ltr'><strong>istam</strong></span> <span class='ocrx_word' id='word_1_55' title='bbox 526 1031 741 1104; x_wconf 79' lang='lat' dir='ltr'><strong>necessitatem</strong></span> <span class='ocrx_word' id='word_1_56' title='bbox 755 1029 932 1117; x_wconf 89' lang='lat' dir='ltr'><strong>supplicum</strong></span> <span class='ocrx_word' id='word_1_57' title='bbox 947 1031 1059 1108; x_wconf 79' lang='lat' dir='ltr'><strong>solvat,</strong></span> <span class='ocrx_word' id='word_1_58' title='bbox 1073 1053 1150 1120; x_wconf 83' lang='lat' dir='ltr'><strong>erga</strong></span> <span class='ocrx_word' id='word_1_59' title='bbox 1163 1031 1251 1103; x_wconf 84' lang='lat' dir='ltr'><strong>deos.</strong></span> 
     </span>
    </p>

    <p class='ocr_par' dir='ltr' id='par_1_7' title="bbox 334 1115 1350 1292">
     <span class='ocr_line' id='line_1_12' title="bbox 337 1115 1350 1204; baseline 0.007 -22"><span class='ocrx_word' id='word_1_60' title='bbox 337 1117 420 1182; x_wconf 83' lang='lat' dir='ltr'><strong>Rem</strong></span> <span class='ocrx_word' id='word_1_61' title='bbox 428 1115 659 1204; x_wconf 82' lang='lat' dir='ltr'><strong>aliquempiam</strong></span> <span class='ocrx_word' id='word_1_62' title='bbox 669 1116 804 1182; x_wconf 72' lang='lat' dir='ltr'><strong>facienes</strong></span> <span class='ocrx_word' id='word_1_63' title='bbox 826 1119 934 1182; x_wconf 87' lang='lat' dir='ltr'><strong>omnis</strong></span> <span class='ocrx_word' id='word_1_64' title='bbox 948 1119 1032 1182; x_wconf 90' lang='lat' dir='ltr'><strong>enim</strong></span> <span class='ocrx_word' id='word_1_65' title='bbox 1048 1139 1104 1202; x_wconf 88' lang='lat' dir='ltr'><strong>per</strong></span> <span class='ocrx_word' id='word_1_66' title='bbox 1117 1119 1279 1186; x_wconf 84' lang='lat' dir='ltr'><strong>masculos</strong></span> <span class='ocrx_word' id='word_1_67' title='bbox 1301 1131 1350 1190; x_wconf 76' lang='grc'><strong>40</strong></span> 
     </span>
     <span class='ocr_line' id='line_1_13' title="bbox 334 1201 1177 1292; baseline 0.005 -24"><span class='ocrx_word' id='word_1_68' title='bbox 334 1201 527 1268; x_wconf 88' lang='lat' dir='ltr'><strong>Mulieribns</strong></span> <span class='ocrx_word' id='word_1_69' title='bbox 540 1203 688 1268; x_wconf 84' lang='lat' dir='ltr'><strong>convenit</strong></span> <span class='ocrx_word' id='word_1_70' title='bbox 700 1226 805 1292; x_wconf 85' lang='lat' dir='ltr'><strong>agere,</strong></span> <span class='ocrx_word' id='word_1_71' title='bbox 821 1226 894 1290; x_wconf 82' lang='lat' dir='ltr'><strong>qnae</strong></span> <span class='ocrx_word' id='word_1_72' title='bbox 909 1218 983 1268; x_wconf 88' lang='lat' dir='ltr'><strong>sunt</strong></span> <span class='ocrx_word' id='word_1_73' title='bbox 996 1203 1177 1291; x_wconf 75' lang='lat' dir='ltr'><strong>prudentes.</strong></span> 
     </span>
    </p>
   </div>
   <div class='ocr_carea' id='block_1_5' title="bbox 248 1287 1347 1379">
    <p class='ocr_par' dir='ltr' id='par_1_8' title="bbox 248 1287 1347 1379">
     <span class='ocr_line' id='line_1_14' title="bbox 248 1287 1347 1379; baseline 0.001 -22"><span class='ocrx_word' id='word_1_74' title='bbox 248 1287 492 1374; x_wconf 82' lang='lat' dir='ltr'><strong>cn0.Snpplico</strong></span> <span class='ocrx_word' id='word_1_75' title='bbox 506 1287 668 1368; x_wconf 87' lang='lat' dir='ltr'><strong>tibianus,</strong></span> <span class='ocrx_word' id='word_1_76' title='bbox 683 1287 939 1356; x_wconf 85' lang='lat' dir='ltr'><strong>exanilioresd</strong></span> <span class='ocrx_word' id='word_1_77' title='bbox 1188 1297 1277 1379; x_wconf 56' lang='lat' dir='ltr'><strong>stur.</strong></span> <span class='ocrx_word' id='word_1_78' title='bbox 1298 1297 1347 1378; x_wconf 90' lang='lat'><strong>1.)</strong></span> 
     </span>
    </p>
   </div>
   <div class='ocr_carea' id='block_1_6' title="bbox 320 1374 1349 4310">
    <p class='ocr_par' dir='ltr' id='par_1_9' title="bbox 333 1374 711 1460">
     <span class='ocr_line' id='line_1_15' title="bbox 333 1374 711 1460; baseline -0.003 -19"><span class='ocrx_word' id='word_1_79' title='bbox 333 1377 450 1442; x_wconf 86' lang='lat' dir='ltr'><strong>Genua</strong></span> <span class='ocrx_word' id='word_1_80' title='bbox 463 1374 631 1460; x_wconf 79' lang='lat' dir='ltr'><strong>procidens</strong></span> <span class='ocrx_word' id='word_1_81' title='bbox 646 1391 711 1454; x_wconf 83' lang='lat' dir='ltr'><strong>tua,</strong></span> 
     </span>
    </p>

    <p class='ocr_par' dir='ltr' id='par_1_10' title="bbox 335 1460 1036 1528">
     <span class='ocr_line' id='line_1_16' title="bbox 335 1460 1036 1528; baseline -0.001 0"><span class='ocrx_word' id='word_1_82' title='bbox 335 1461 384 1528; x_wconf 93' lang='lat' dir='ltr'><strong>Ut</strong></span> <span class='ocrx_word' id='word_1_83' title='bbox 397 1460 534 1526; x_wconf 86' lang='lat' dir='ltr'><strong>redimas</strong></span> <span class='ocrx_word' id='word_1_84' title='bbox 548 1461 627 1526; x_wconf 90' lang='lat' dir='ltr'><strong>mihi</strong></span> <span class='ocrx_word' id='word_1_85' title='bbox 641 1483 810 1526; x_wconf 86' lang='lat' dir='ltr'><strong>numerum</strong></span> <span class='ocrx_word' id='word_1_86' title='bbox 825 1462 1036 1528; x_wconf 77' lang='lat' dir='ltr'><strong>extinctorem</strong></span> 
     </span>
    </p>

    <p class='ocr_par' dir='ltr' id='par_1_11' title="bbox 330 1547 871 1635">
     <span class='ocr_line' id='line_1_17' title="bbox 330 1547 871 1635; baseline -0.006 -20"><span class='ocrx_word' id='word_1_87' title='bbox 330 1549 502 1629; x_wconf 85' lang='lat' dir='ltr'><strong>Juvenum,</strong></span> <span class='ocrx_word' id='word_1_88' title='bbox 517 1547 572 1634; x_wconf 88' lang='lat' dir='ltr'><strong>qni</strong></span> <span class='ocrx_word' id='word_1_89' title='bbox 586 1547 771 1635; x_wconf 85' lang='lat' dir='ltr'><strong>relinquunt</strong></span> <span class='ocrx_word' id='word_1_90' title='bbox 784 1560 871 1612; x_wconf 82' lang='lat' dir='ltr'><strong>artus</strong></span> 
     </span>
    </p>

    <p class='ocr_par' dir='ltr' id='par_1_12' title="bbox 332 1631 1136 1713">
     <span class='ocr_line' id='line_1_18' title="bbox 332 1631 1136 1713; baseline -0.002 -13"><span class='ocrx_word' id='word_1_91' title='bbox 332 1635 440 1700; x_wconf 89' lang='lat' dir='ltr'><strong>Morte</strong></span> <span class='ocrx_word' id='word_1_92' title='bbox 453 1633 592 1699; x_wconf 80' lang='lat' dir='ltr'><strong>solvente</strong></span> <span class='ocrx_word' id='word_1_93' title='bbox 605 1633 748 1699; x_wconf 84' lang='lat' dir='ltr'><strong>membra</strong></span> <span class='ocrx_word' id='word_1_94' title='bbox 761 1631 836 1698; x_wconf 83' lang='lat' dir='ltr'><strong>feris</strong></span> <span class='ocrx_word' id='word_1_95' title='bbox 851 1635 1009 1699; x_wconf 86' lang='lat' dir='ltr'><strong>montanis</strong></span> <span class='ocrx_word' id='word_1_96' title='bbox 1024 1655 1136 1713; x_wconf 83' lang='lat' dir='ltr'><strong>escam,</strong></span> 
     </span>
    </p>

    <p class='ocr_par' dir='ltr' id='par_1_13' title="bbox 335 1716 1349 1909">
     <span class='ocr_line' id='line_1_19' title="bbox 335 1716 1349 1808; baseline -0.001 -20"><span class='ocrx_word' id='word_1_97' title='bbox 335 1721 467 1788; x_wconf 88' lang='lat' dir='ltr'><strong>Intuens</strong></span> <span class='ocrx_word' id='word_1_98' title='bbox 515 1716 622 1786; x_wconf 88' lang='lat' dir='ltr'><strong>uidem</strong></span> <span class='ocrx_word' id='word_1_99' title='bbox 651 1719 843 1786; x_wconf 81' lang='lat' dir='ltr'><strong>miserabiles</strong></span> <span class='ocrx_word' id='word_1_100' title='bbox 864 1721 1030 1786; x_wconf 89' lang='lat' dir='ltr'><strong>oculorum</strong></span> <span class='ocrx_word' id='word_1_101' title='bbox 1055 1721 1232 1808; x_wconf 74' lang='lat' dir='ltr'><strong>lachrymas</strong></span> <span class='ocrx_word' id='word_1_102' title='bbox 1255 1725 1349 1792; x_wconf 74' lang='lat' dir='ltr'><strong>circa</strong></span> 
     </span>
     <span class='ocr_line' id='line_1_20' title="bbox 415 1805 1347 1909; baseline 0.009 -40"><span class='ocrx_word' id='word_1_103' title='bbox 415 1805 509 1892; x_wconf 80' lang='lat' dir='ltr'><strong>palpa</strong></span> <span class='ocrx_word' id='word_1_104' title='bbox 533 1827 593 1909; x_wconf 72' lang='lat' dir='ltr'><strong>ras,</strong></span> <span class='ocrx_word' id='word_1_105' title='bbox 607 1825 706 1895; x_wconf 84' lang='lat' dir='ltr'><strong>rugo·</strong></span> <span class='ocrx_word' id='word_1_106' title='bbox 1198 1811 1278 1892; x_wconf 79' lang='lat' dir='ltr'><strong>(ant.</strong></span> <span class='ocrx_word' id='word_1_107' title='bbox 1298 1815 1347 1896; x_wconf 89' lang='lat'><strong>1.)</strong></span> 
     </span>
    </p>

    <p class='ocr_par' dir='ltr' id='par_1_14' title="bbox 333 1914 794 1960">
     <span class='ocr_line' id='line_1_21' title="bbox 333 1914 794 1960; baseline -0.004 0"><span class='ocrx_word' id='word_1_108' title='bbox 333 1915 382 1960; x_wconf 84' lang='lat' dir='ltr'><strong>saa</strong></span> <span class='ocrx_word' id='word_1_109' title='bbox 395 1915 471 1958; x_wconf 82' lang='lat' dir='ltr'><strong>vero</strong></span> <span class='ocrx_word' id='word_1_110' title='bbox 485 1915 627 1958; x_wconf 83' lang='lat' dir='ltr'><strong>csrnrnnr</strong></span> <span class='ocrx_word' id='word_1_111' title='bbox 642 1914 794 1958; x_wconf 82' lang='lat' dir='ltr'><strong>canorum</strong></span> 
     </span>
    </p>

    <p class='ocr_par' dir='ltr' id='par_1_15' title="bbox 331 1978 1346 2067">
     <span class='ocr_line' id='line_1_22' title="bbox 331 1978 1346 2067; baseline 0.002 -21"><span class='ocrx_word' id='word_1_112' title='bbox 331 1980 556 2046; x_wconf 63' lang='lat' dir='ltr'><strong>lacerationes</strong></span> <span class='ocrx_word' id='word_1_113' title='bbox 569 1999 723 2046; x_wconf 87' lang='lat' dir='ltr'><strong>mannum</strong></span> <span class='ocrx_word' id='word_1_114' title='bbox 743 1981 774 2045; x_wconf 85' lang='lat' dir='ltr'><strong>oi</strong></span> <span class='ocrx_word' id='word_1_115' title='bbox 786 1978 896 2062; x_wconf 72' lang='lat' dir='ltr'><strong>suctus</strong></span> <span class='ocrx_word' id='word_1_116' title='bbox 904 1979 1040 2067; x_wconf 87' lang='lat' dir='ltr'><strong>,·—qnid</strong></span> <span class='ocrx_word' id='word_1_117' title='bbox 1054 1979 1266 2066; x_wconf 69' lang='lat' dir='ltr'><strong>enithcinu</strong></span> <span class='ocrx_word' id='word_1_118' title='bbox 1275 1989 1346 2048; x_wconf 68' lang='lat'><strong>2-</strong></span> 
     </span>
    </p>

    <p class='ocr_par' dir='ltr' id='par_1_16' title="bbox 331 2088 1343 2240">
     <span class='ocr_line' id='line_1_23' title="bbox 331 2088 1343 2240; baseline 0 -23"><span class='ocrx_word' id='word_1_119' title='bbox 331 2088 573 2218; x_wconf 55' lang='lat' dir='ltr'><strong>Mortiiiefflios</strong></span> <span class='ocrx_word' id='word_1_120' title='bbox 590 2173 676 2216; x_wconf 85' lang='lat' dir='ltr'><strong>meos</strong></span> <span class='ocrx_word' id='word_1_121' title='bbox 689 2173 795 2240; x_wconf 88' lang='lat' dir='ltr'><strong>neque</strong></span> <span class='ocrx_word' id='word_1_122' title='bbox 805 2150 894 2216; x_wconf 89' lang='lat' dir='ltr'><strong>domi</strong></span> <span class='ocrx_word' id='word_1_123' title='bbox 1070 2202 1072 2211; x_wconf 92' lang='lat'><em>.</em></span> <span class='ocrx_word' id='word_1_124' title='bbox 1295 2165 1343 2224; x_wconf 82' lang='lat'><strong>50</strong></span> 
     </span>
    </p>

    <p class='ocr_par' dir='ltr' id='par_1_17' title="bbox 331 2237 1207 2326">
     <span class='ocr_line' id='line_1_24' title="bbox 331 2237 1207 2326; baseline 0 -22"><span class='ocrx_word' id='word_1_125' title='bbox 331 2237 460 2317; x_wconf 84' lang='lat' dir='ltr'><strong>Curavi,</strong></span> <span class='ocrx_word' id='word_1_126' title='bbox 475 2259 577 2326; x_wconf 90' lang='lat' dir='ltr'><strong>neque</strong></span> <span class='ocrx_word' id='word_1_127' title='bbox 590 2239 828 2324; x_wconf 83' lang='lat' dir='ltr'><strong>sepulchrorum</strong></span> <span class='ocrx_word' id='word_1_128' title='bbox 843 2237 981 2304; x_wconf 86' lang='lat' dir='ltr'><strong>tumulos</strong></span> <span class='ocrx_word' id='word_1_129' title='bbox 994 2251 1089 2304; x_wconf 81' lang='lat' dir='ltr'><strong>terrae</strong></span> <span class='ocrx_word' id='word_1_130' title='bbox 1102 2238 1207 2304; x_wconf 79' lang='lat' dir='ltr'><strong>rideo.</strong></span> 
     </span>
    </p>

    <p class='ocr_par' dir='ltr' id='par_1_18' title="bbox 332 2323 1341 2414">
     <span class='ocr_line' id='line_1_25' title="bbox 332 2323 1341 2414; baseline 0.005 -25"><span class='ocrx_word' id='word_1_131' title='bbox 332 2323 489 2411; x_wconf 85' lang='lat' dir='ltr'><strong>Peperisti</strong></span> <span class='ocrx_word' id='word_1_132' title='bbox 498 2339 533 2389; x_wconf 89' lang='lat' dir='ltr'><strong>tn</strong></span> <span class='ocrx_word' id='word_1_133' title='bbox 542 2346 668 2412; x_wconf 89' lang='lat' dir='ltr'><strong>quoque</strong></span> <span class='ocrx_word' id='word_1_134' title='bbox 676 2325 847 2411; x_wconf 88' lang='lat' dir='ltr'><strong>qnondam,</strong></span> <span class='ocrx_word' id='word_1_135' title='bbox 860 2323 1090 2404; x_wconf 77' lang='lat' dir='ltr'><strong>Oueneranda,</strong></span> <span class='ocrx_word' id='word_1_136' title='bbox 1100 2325 1203 2392; x_wconf 87' lang='lat' dir='ltr'><strong>lilium</strong></span> <span class='ocrx_word' id='word_1_137' title='bbox 1213 2331 1284 2414; x_wconf 78' lang='lat' dir='ltr'><strong>(etr.</strong></span> <span class='ocrx_word' id='word_1_138' title='bbox 1292 2331 1341 2412; x_wconf 67' lang='grc' dir='ltr'><strong>ἵ.)</strong></span> 
     </span>
    </p>

    <p class='ocr_par' dir='ltr' id='par_1_19' title="bbox 330 2409 1009 2499">
     <span class='ocr_line' id='line_1_26' title="bbox 330 2409 1009 2499; baseline 0.001 -24"><span class='ocrx_word' id='word_1_139' title='bbox 330 2409 463 2476; x_wconf 83' lang='lat' dir='ltr'><strong>Faciens</strong></span> <span class='ocrx_word' id='word_1_140' title='bbox 475 2422 603 2499; x_wconf 78' lang='lat' dir='ltr'><strong>gratnm</strong></span> <span class='ocrx_word' id='word_1_141' title='bbox 616 2411 789 2477; x_wconf 74' lang='lat' dir='ltr'><strong>thalamum</strong></span> <span class='ocrx_word' id='word_1_142' title='bbox 804 2426 861 2478; x_wconf 87' lang='lat' dir='ltr'><strong>tuo</strong></span> <span class='ocrx_word' id='word_1_143' title='bbox 874 2411 1009 2476; x_wconf 88' lang='lat' dir='ltr'><strong>marito:</strong></span> 
     </span>
    </p>

    <p class='ocr_par' dir='ltr' id='par_1_20' title="bbox 331 2496 1006 2582">
     <span class='ocr_line' id='line_1_27' title="bbox 331 2496 1006 2582; baseline -0.003 -18"><span class='ocrx_word' id='word_1_144' title='bbox 331 2497 497 2582; x_wconf 78' lang='lat' dir='ltr'><strong>Impertias</strong></span> <span class='ocrx_word' id='word_1_145' title='bbox 511 2496 589 2562; x_wconf 86' lang='lat' dir='ltr'><strong>mihi</strong></span> <span class='ocrx_word' id='word_1_146' title='bbox 602 2517 690 2563; x_wconf 90' lang='lat' dir='ltr'><strong>nnnc</strong></span> <span class='ocrx_word' id='word_1_147' title='bbox 703 2499 745 2562; x_wconf 90' lang='lat' dir='ltr'><strong>de</strong></span> <span class='ocrx_word' id='word_1_148' title='bbox 759 2511 813 2564; x_wconf 89' lang='lat' dir='ltr'><strong>tua</strong></span> <span class='ocrx_word' id='word_1_149' title='bbox 826 2511 941 2576; x_wconf 82' lang='lat' dir='ltr'><strong>mente,</strong></span> <span class='ocrx_word' id='word_1_150' title='bbox 1004 2523 1006 2528; x_wconf 89' lang='lat'><em>·</em></span> 
     </span>
    </p>

    <p class='ocr_par' dir='ltr' id='par_1_21' title="bbox 328 2583 1014 2671">
     <span class='ocr_line' id='line_1_28' title="bbox 328 2583 1014 2671; baseline 0 -23"><span class='ocrx_word' id='word_1_151' title='bbox 328 2583 506 2670; x_wconf 82' lang='lat' dir='ltr'><strong>Impertiss,</strong></span> <span class='ocrx_word' id='word_1_152' title='bbox 521 2605 606 2661; x_wconf 84' lang='lat' dir='ltr'><strong>vero,</strong></span> <span class='ocrx_word' id='word_1_153' title='bbox 622 2598 775 2671; x_wconf 84' lang='lat' dir='ltr'><strong>qnantum</strong></span> <span class='ocrx_word' id='word_1_154' title='bbox 792 2584 885 2650; x_wconf 87' lang='lat' dir='ltr'><strong>doleo</strong></span> <span class='ocrx_word' id='word_1_155' title='bbox 898 2583 1014 2648; x_wconf 87' lang='lat' dir='ltr'><strong>misera</strong></span> 
     </span>
    </p>

    <p class='ocr_par' dir='ltr' id='par_1_22' title="bbox 329 2669 776 2758">
     <span class='ocr_line' id='line_1_29' title="bbox 329 2669 776 2758; baseline 0.002 -24"><span class='ocrx_word' id='word_1_156' title='bbox 329 2669 382 2734; x_wconf 88' lang='lat' dir='ltr'><strong>De</strong></span> <span class='ocrx_word' id='word_1_157' title='bbox 398 2669 540 2748; x_wconf 86' lang='lat' dir='ltr'><strong>mortuis,</strong></span> <span class='ocrx_word' id='word_1_158' title='bbox 553 2691 635 2758; x_wconf 89' lang='lat' dir='ltr'><strong>quos</strong></span> <span class='ocrx_word' id='word_1_159' title='bbox 649 2671 776 2758; x_wconf 85' lang='lat' dir='ltr'><strong>peperi:</strong></span> 
     </span>
    </p>

    <p class='ocr_par' dir='ltr' id='par_1_23' title="bbox 329 2755 1242 2842">
     <span class='ocr_line' id='line_1_30' title="bbox 329 2755 1242 2842; baseline 0.003 -20"><span class='ocrx_word' id='word_1_160' title='bbox 329 2755 490 2822; x_wconf 84' lang='lat' dir='ltr'><strong>Persuade</strong></span> <span class='ocrx_word' id='word_1_161' title='bbox 504 2778 580 2822; x_wconf 85' lang='lat' dir='ltr'><strong>vero</strong></span> <span class='ocrx_word' id='word_1_162' title='bbox 593 2769 694 2838; x_wconf 86' lang='lat' dir='ltr'><strong>tunm,</strong></span> <span class='ocrx_word' id='word_1_163' title='bbox 709 2759 761 2823; x_wconf 91' lang='lat' dir='ltr'><strong>cui</strong></span> <span class='ocrx_word' id='word_1_164' title='bbox 775 2779 883 2822; x_wconf 86' lang='lat' dir='ltr'><strong>snmus</strong></span> <span class='ocrx_word' id='word_1_165' title='bbox 896 2755 1065 2842; x_wconf 86' lang='lat' dir='ltr'><strong>supplices,</strong></span> <span class='ocrx_word' id='word_1_166' title='bbox 1082 2767 1118 2822; x_wconf 89' lang='lat' dir='ltr'><strong>ut</strong></span> <span class='ocrx_word' id='word_1_167' title='bbox 1132 2759 1242 2825; x_wconf 82' lang='lat' dir='ltr'><strong>veniat</strong></span> 
     </span>
    </p>

    <p class='ocr_par' dir='ltr' id='par_1_24' title="bbox 328 2842 1323 2928">
     <span class='ocr_line' id='line_1_31' title="bbox 328 2842 1323 2928; baseline 0.001 -21"><span class='ocrx_word' id='word_1_168' title='bbox 328 2842 444 2908; x_wconf 82' lang='lat' dir='ltr'><strong>Filium</strong></span> <span class='ocrx_word' id='word_1_169' title='bbox 460 2846 504 2908; x_wconf 83' lang='lat' dir='ltr'><strong>od</strong></span> <span class='ocrx_word' id='word_1_170' title='bbox 519 2843 688 2921; x_wconf 80' lang='lat' dir='ltr'><strong>Ismenon,</strong></span> <span class='ocrx_word' id='word_1_171' title='bbox 704 2844 787 2909; x_wconf 88' lang='lat' dir='ltr'><strong>utin</strong></span> <span class='ocrx_word' id='word_1_172' title='bbox 802 2865 871 2908; x_wconf 86' lang='lat' dir='ltr'><strong>mea</strong></span> <span class='ocrx_word' id='word_1_173' title='bbox 886 2863 982 2909; x_wconf 86' lang='lat' dir='ltr'><strong>mann</strong></span> <span class='ocrx_word' id='word_1_174' title='bbox 995 2853 1093 2928; x_wconf 85' lang='lat' dir='ltr'><strong>ponat</strong></span> <span class='ocrx_word' id='word_1_175' title='bbox 1315 2849 1323 2860; x_wconf 94' lang='grc'><strong>“</strong></span> 
     </span>
    </p>

    <p class='ocr_par' dir='ltr' id='par_1_25' title="bbox 326 2928 930 2996">
     <span class='ocr_line' id='line_1_32' title="bbox 326 2928 930 2996; baseline 0 -2"><span class='ocrx_word' id='word_1_176' title='bbox 326 2928 520 2994; x_wconf 84' lang='lat' dir='ltr'><strong>Juvenillum</strong></span> <span class='ocrx_word' id='word_1_177' title='bbox 534 2928 724 2996; x_wconf 85' lang='lat' dir='ltr'><strong>cadaverum</strong></span> <span class='ocrx_word' id='word_1_178' title='bbox 927 2951 930 2958; x_wconf 78' lang='grc'><strong>’</strong></span> 
     </span>
    </p>

    <p class='ocr_par' dir='ltr' id='par_1_26' title="bbox 328 3015 1339 3102">
     <span class='ocr_line' id='line_1_33' title="bbox 328 3015 1339 3102; baseline 0.008 -22"><span class='ocrx_word' id='word_1_179' title='bbox 328 3015 474 3102; x_wconf 86' lang='lat' dir='ltr'><strong>Corpora</strong></span> <span class='ocrx_word' id='word_1_180' title='bbox 487 3029 625 3082; x_wconf 85' lang='lat' dir='ltr'><strong>terreum</strong></span> <span class='ocrx_word' id='word_1_181' title='bbox 640 3037 732 3083; x_wconf 89' lang='lat' dir='ltr'><strong>onus.</strong></span> <span class='ocrx_word' id='word_1_182' title='bbox 813 3039 817 3049; x_wconf 93' lang='lat'><em>·</em></span> <span class='ocrx_word' id='word_1_183' title='bbox 1121 3033 1128 3042; x_wconf 89' lang='lat'>&#39;</span> <span class='ocrx_word' id='word_1_184' title='bbox 1292 3028 1339 3088; x_wconf 85' lang='grc'><strong>60</strong></span> 
     </span>
    </p>

    <p class='ocr_par' dir='ltr' id='par_1_27' title="bbox 326 3101 1340 3258">
     <span class='ocr_line' id='line_1_34' title="bbox 326 3101 1340 3191; baseline 0.003 -25"><span class='ocrx_word' id='word_1_185' title='bbox 326 3101 447 3167; x_wconf 86' lang='lat' dir='ltr'><strong>Pnrnm</strong></span> <span class='ocrx_word' id='word_1_186' title='bbox 484 3115 601 3182; x_wconf 77' lang='lat' dir='ltr'><strong>sancte,</strong></span> <span class='ocrx_word' id='word_1_187' title='bbox 630 3103 684 3168; x_wconf 85' lang='lat' dir='ltr'><strong>sed</strong></span> <span class='ocrx_word' id='word_1_188' title='bbox 712 3101 875 3190; x_wconf 81' lang='lat' dir='ltr'><strong>compulsu</strong></span> <span class='ocrx_word' id='word_1_189' title='bbox 902 3124 922 3168; x_wconf 84' lang='lat' dir='ltr'><strong>a</strong></span> <span class='ocrx_word' id='word_1_190' title='bbox 948 3101 1132 3168; x_wconf 74' lang='lat' dir='ltr'><strong>necessitate</strong></span> <span class='ocrx_word' id='word_1_191' title='bbox 1159 3105 1204 3168; x_wconf 90' lang='lat' dir='ltr'><strong>od</strong></span> <span class='ocrx_word' id='word_1_192' title='bbox 1230 3125 1340 3191; x_wconf 66' lang='lat' dir='ltr'><strong>gemin</strong></span> 
     </span>
     <span class='ocr_line' id='line_1_35' title="bbox 411 3188 1323 3258; baseline 0.005 -6"><span class='ocrx_word' id='word_1_193' title='bbox 411 3188 495 3253; x_wconf 88' lang='lat' dir='ltr'><strong>acci·</strong></span> <span class='ocrx_word' id='word_1_194' title='bbox 1204 3201 1272 3256; x_wconf 76' lang='lat' dir='ltr'><strong>aru.</strong></span> <span class='ocrx_word' id='word_1_195' title='bbox 1288 3200 1323 3258; x_wconf 77' lang='lat'><strong>2.</strong></span> 
     </span>
    </p>

    <p class='ocr_par' dir='ltr' id='par_1_28' title="bbox 325 3194 1341 3362">
     <span class='ocr_line' id='line_1_36' title="bbox 325 3194 1341 3362; baseline 0.002 -24"><span class='ocrx_word' id='word_1_196' title='bbox 325 3271 404 3338; x_wconf 83' lang='lat' dir='ltr'><strong>dens</strong></span> <span class='ocrx_word' id='word_1_197' title='bbox 416 3275 555 3360; x_wconf 84' lang='lat' dir='ltr'><strong>petitura</strong></span> <span class='ocrx_word' id='word_1_198' title='bbox 567 3275 662 3340; x_wconf 80' lang='lat' dir='ltr'><strong>venio</strong></span> <span class='ocrx_word' id='word_1_199' title='bbox 676 3278 718 3340; x_wconf 86' lang='lat' dir='ltr'><strong>od</strong></span> <span class='ocrx_word' id='word_1_200' title='bbox 732 3274 1039 3362; x_wconf 73' lang='lat' dir='ltr'><strong>recipiente-ignem</strong></span> <span class='ocrx_word' id='word_1_201' title='bbox 1054 3194 1204 3342; x_wconf 69' lang='lat' dir='ltr'><strong>deornm(</strong></span> <span class='ocrx_word' id='word_1_202' title='bbox 1327 3195 1341 3276; x_wconf 76' lang='grc'>)</span> 
     </span>
    </p>

    <p class='ocr_par' dir='ltr' id='par_1_29' title="bbox 325 3359 1132 3448">
     <span class='ocr_line' id='line_1_37' title="bbox 325 3359 1132 3448; baseline 0.002 -24"><span class='ocrx_word' id='word_1_203' title='bbox 325 3362 423 3425; x_wconf 78' lang='lat' dir='ltr'><strong>Aras:</strong></span> <span class='ocrx_word' id='word_1_204' title='bbox 446 3359 600 3448; x_wconf 75' lang='lat' dir='ltr'><strong>habemns</strong></span> <span class='ocrx_word' id='word_1_205' title='bbox 613 3373 719 3428; x_wconf 88' lang='lat' dir='ltr'><strong>autem</strong></span> <span class='ocrx_word' id='word_1_206' title='bbox 728 3363 848 3448; x_wconf 87' lang='lat' dir='ltr'><strong>justam</strong></span> <span class='ocrx_word' id='word_1_207' title='bbox 863 3383 1007 3438; x_wconf 72' lang='lat' dir='ltr'><strong>mnsam</strong></span> <span class='ocrx_word' id='word_1_208' title='bbox 1029 3375 1061 3426; x_wconf 88' lang='lat' dir='ltr'><strong>et</strong></span> <span class='ocrx_word' id='word_1_209' title='bbox 1074 3363 1132 3428; x_wconf 89' lang='lat' dir='ltr'><strong>tibi</strong></span> 
     </span>
    </p>

    <p class='ocr_par' dir='ltr' id='par_1_30' title="bbox 325 3445 1087 3533">
     <span class='ocr_line' id='line_1_38' title="bbox 325 3445 1087 3533; baseline 0.003 -23"><span class='ocrx_word' id='word_1_210' title='bbox 325 3445 427 3512; x_wconf 77' lang='lat' dir='ltr'><strong>Adest</strong></span> <span class='ocrx_word' id='word_1_211' title='bbox 441 3446 589 3533; x_wconf 85' lang='lat' dir='ltr'><strong>quoedam</strong></span> <span class='ocrx_word' id='word_1_212' title='bbox 601 3447 742 3526; x_wconf 77' lang='lat' dir='ltr'><strong>incultus,</strong></span> <span class='ocrx_word' id='word_1_213' title='bbox 758 3463 795 3514; x_wconf 86' lang='lat' dir='ltr'><strong>ut</strong></span> <span class='ocrx_word' id='word_1_214' title='bbox 807 3447 954 3514; x_wconf 82' lang='lat' dir='ltr'><strong>felicitate</strong></span> <span class='ocrx_word' id='word_1_215' title='bbox 967 3449 1016 3513; x_wconf 90' lang='lat' dir='ltr'><strong>tui</strong></span> <span class='ocrx_word' id='word_1_216' title='bbox 1029 3447 1087 3512; x_wconf 86' lang='lat' dir='ltr'><strong>lilii</strong></span> 
     </span>
    </p>

    <p class='ocr_par' dir='ltr' id='par_1_31' title="bbox 325 3532 900 3600">
     <span class='ocr_line' id='line_1_39' title="bbox 325 3532 900 3600; baseline 0.009 -3"><span class='ocrx_word' id='word_1_217' title='bbox 325 3532 546 3600; x_wconf 80' lang='lat' dir='ltr'><strong>Infelicitatem</strong></span> <span class='ocrx_word' id='word_1_218' title='bbox 561 3555 675 3600; x_wconf 82' lang='lat' dir='ltr'><strong>meam.</strong></span> <span class='ocrx_word' id='word_1_219' title='bbox 889 3543 900 3554; x_wconf 86' lang='lat'><strong><em>‘</em></strong></span> 
     </span>
    </p>

    <p class='ocr_par' dir='ltr' id='par_1_32' title="bbox 324 3618 1271 3708">
     <span class='ocr_line' id='line_1_40' title="bbox 324 3618 1271 3708; baseline 0.002 -23"><span class='ocrx_word' id='word_1_220' title='bbox 324 3618 459 3686; x_wconf 79' lang='lat' dir='ltr'><strong>Auferes</strong></span> <span class='ocrx_word' id='word_1_221' title='bbox 473 3619 654 3686; x_wconf 87' lang='lat' dir='ltr'><strong>miseranda</strong></span> <span class='ocrx_word' id='word_1_222' title='bbox 665 3641 741 3685; x_wconf 84' lang='lat' dir='ltr'><strong>vero</strong></span> <span class='ocrx_word' id='word_1_223' title='bbox 753 3621 838 3686; x_wconf 83' lang='lat' dir='ltr'><strong>muln</strong></span> <span class='ocrx_word' id='word_1_224' title='bbox 851 3619 926 3708; x_wconf 87' lang='lat' dir='ltr'><strong>qnia</strong></span> <span class='ocrx_word' id='word_1_225' title='bbox 938 3621 1045 3706; x_wconf 85' lang='lat' dir='ltr'><strong>patior</strong></span> <span class='ocrx_word' id='word_1_226' title='bbox 1059 3619 1195 3706; x_wconf 82' lang='lat' dir='ltr'><strong>supplex</strong></span> <span class='ocrx_word' id='word_1_227' title='bbox 1209 3643 1271 3688; x_wconf 89' lang='lat' dir='ltr'><strong>oro</strong></span> 
     </span>
    </p>

    <p class='ocr_par' dir='ltr' id='par_1_33' title="bbox 324 3705 1155 3794">
     <span class='ocr_line' id='line_1_41' title="bbox 324 3705 1155 3794; baseline 0.002 -24"><span class='ocrx_word' id='word_1_228' title='bbox 324 3705 440 3772; x_wconf 76' lang='lat' dir='ltr'><strong>Infelix</strong></span> <span class='ocrx_word' id='word_1_229' title='bbox 454 3729 514 3794; x_wconf 79' lang='lat' dir='ltr'><strong>ego</strong></span> <span class='ocrx_word' id='word_1_230' title='bbox 526 3719 617 3772; x_wconf 89' lang='lat' dir='ltr'><strong>tunm</strong></span> <span class='ocrx_word' id='word_1_231' title='bbox 631 3705 711 3772; x_wconf 90' lang='lat' dir='ltr'><strong>mihi</strong></span> <span class='ocrx_word' id='word_1_232' title='bbox 726 3705 825 3772; x_wconf 88' lang='lat' dir='ltr'><strong>lilium</strong></span> <span class='ocrx_word' id='word_1_233' title='bbox 840 3721 877 3773; x_wconf 90' lang='lat' dir='ltr'><strong>ut</strong></span> <span class='ocrx_word' id='word_1_234' title='bbox 891 3709 924 3772; x_wconf 91' lang='lat' dir='ltr'><strong>in</strong></span> <span class='ocrx_word' id='word_1_235' title='bbox 936 3729 1037 3774; x_wconf 89' lang='lat' dir='ltr'><strong>manu</strong></span> <span class='ocrx_word' id='word_1_236' title='bbox 1045 3719 1155 3793; x_wconf 85' lang='lat' dir='ltr'><strong>ponat,</strong></span> 
     </span>
    </p>

    <p class='ocr_par' dir='ltr' id='par_1_34' title="bbox 323 3789 687 3880">
     <span class='ocr_line' id='line_1_42' title="bbox 323 3789 687 3880; baseline 0 -22"><span class='ocrx_word' id='word_1_237' title='bbox 323 3789 372 3858; x_wconf 88' lang='lat' dir='ltr'><strong>Ut</strong></span> <span class='ocrx_word' id='word_1_238' title='bbox 385 3793 559 3880; x_wconf 82' lang='lat' dir='ltr'><strong>amplectar</strong></span> <span class='ocrx_word' id='word_1_239' title='bbox 573 3793 687 3858; x_wconf 82' lang='lat' dir='ltr'><strong>misera</strong></span> 
     </span>
    </p>

    <p class='ocr_par' dir='ltr' id='par_1_35' title="bbox 323 3876 772 3946">
     <span class='ocr_line' id='line_1_43' title="bbox 323 3876 772 3946; baseline 0.007 -4"><span class='ocrx_word' id='word_1_240' title='bbox 323 3876 475 3945; x_wconf 89' lang='lat' dir='ltr'><strong>Membra</strong></span> <span class='ocrx_word' id='word_1_241' title='bbox 489 3889 615 3946; x_wconf 78' lang='lat' dir='ltr'><strong>mortua</strong></span> <span class='ocrx_word' id='word_1_242' title='bbox 628 3879 690 3944; x_wconf 86' lang='lat' dir='ltr'><strong>mei</strong></span> <span class='ocrx_word' id='word_1_243' title='bbox 704 3877 772 3945; x_wconf 90' lang='lat' dir='ltr'><strong>lilii.</strong></span> 
     </span>
    </p>

    <p class='ocr_par' dir='ltr' id='par_1_36' title="bbox 323 3963 1339 4053">
     <span class='ocr_line' id='line_1_44' title="bbox 323 3963 1339 4053; baseline 0.01 -25"><span class='ocrx_word' id='word_1_244' title='bbox 323 3963 492 4030; x_wconf 77' lang='lat' dir='ltr'><strong>Certamen</strong></span> <span class='ocrx_word' id='word_1_245' title='bbox 507 3965 569 4032; x_wconf 90' lang='lat' dir='ltr'><strong>hoc</strong></span> <span class='ocrx_word' id='word_1_246' title='bbox 583 3964 671 4032; x_wconf 89' lang='lat' dir='ltr'><strong>alind</strong></span> <span class='ocrx_word' id='word_1_247' title='bbox 684 3967 771 4031; x_wconf 77' lang='lat' dir='ltr'><strong>venit</strong></span> <span class='ocrx_word' id='word_1_248' title='bbox 783 3964 905 4032; x_wconf 85' lang='lat' dir='ltr'><strong>luctum</strong></span> <span class='ocrx_word' id='word_1_249' title='bbox 921 3965 1057 4032; x_wconf 78' lang='lat' dir='ltr'><strong>luctrhus</strong></span> <span class='ocrx_word' id='word_1_250' title='bbox 1076 4020 1079 4030; x_wconf 89' lang='lat'><strong>.</strong></span> <span class='ocrx_word' id='word_1_251' title='bbox 1121 3971 1193 4053; x_wconf 78' lang='lat' dir='ltr'><strong>(rtr-</strong></span> <span class='ocrx_word' id='word_1_252' title='bbox 1208 3967 1258 4050; x_wconf 77' lang='grc'><strong>8.)</strong></span> <span class='ocrx_word' id='word_1_253' title='bbox 1292 3975 1339 4038; x_wconf 83' lang='grc'><strong>70</strong></span> 
     </span>
    </p>

    <p class='ocr_par' dir='ltr' id='par_1_37' title="bbox 322 4049 1105 4120">
     <span class='ocr_line' id='line_1_45' title="bbox 322 4049 1105 4120; baseline 0.004 -5"><span class='ocrx_word' id='word_1_254' title='bbox 322 4049 567 4118; x_wconf 72' lang='lat' dir='ltr'><strong>Succedutem:</strong></span> <span class='ocrx_word' id='word_1_255' title='bbox 590 4066 740 4118; x_wconf 84' lang='lat' dir='ltr'><strong>resonant</strong></span> <span class='ocrx_word' id='word_1_256' title='bbox 754 4052 969 4120; x_wconf 86' lang='lat' dir='ltr'><strong>ministrorum</strong></span> <span class='ocrx_word' id='word_1_257' title='bbox 983 4073 1105 4120; x_wconf 83' lang='lat' dir='ltr'><strong>manns.</strong></span> 
     </span>
    </p>

    <p class='ocr_par' dir='ltr' id='par_1_38' title="bbox 322 4134 768 4220">
     <span class='ocr_line' id='line_1_46' title="bbox 322 4134 768 4220; baseline 0 -17"><span class='ocrx_word' id='word_1_258' title='bbox 322 4134 382 4220; x_wconf 86' lang='lat' dir='ltr'><strong>Ite,</strong></span> <span class='ocrx_word' id='word_1_259' title='bbox 399 4136 431 4203; x_wconf 93' lang='grc' dir='ltr'><strong>Ο</strong></span> <span class='ocrx_word' id='word_1_260' title='bbox 445 4151 652 4206; x_wconf 86' lang='lat' dir='ltr'><strong>concentores</strong></span> <span class='ocrx_word' id='word_1_261' title='bbox 665 4138 768 4220; x_wconf 83' lang='lat' dir='ltr'><strong>malis,</strong></span> 
     </span>
    </p>

    <p class='ocr_par' dir='ltr' id='par_1_39' title="bbox 320 4223 856 4310">
     <span class='ocr_line' id='line_1_47' title="bbox 320 4223 856 4310; baseline 0.007 -22"><span class='ocrx_word' id='word_1_262' title='bbox 320 4223 367 4288; x_wconf 87' lang='lat' dir='ltr'><strong>Ite</strong></span> <span class='ocrx_word' id='word_1_263' title='bbox 383 4224 414 4288; x_wconf 95' lang='grc' dir='ltr'>Ο</span> <span class='ocrx_word' id='word_1_264' title='bbox 429 4239 590 4292; x_wconf 79' lang='lat' dir='ltr'><strong>consortes</strong></span> <span class='ocrx_word' id='word_1_265' title='bbox 604 4224 725 4294; x_wconf 84' lang='lat' dir='ltr'><strong>doloris</strong></span> <span class='ocrx_word' id='word_1_266' title='bbox 737 4227 856 4310; x_wconf 42' lang='lat' dir='ltr'><strong>codri,</strong></span> 
     </span>
    </p>
   </div>
   <div class='ocr_carea' id='block_1_7' title="bbox 0 0 1432 4866">
    <p class='ocr_par' dir='ltr' id='par_1_40' title="bbox 0 0 1432 4866">
     <span class='ocr_line' id='line_1_48' title="bbox 0 0 1432 4866; baseline 0 4"><span class='ocrx_word' id='word_1_267' title='bbox 0 0 1432 4866; x_wconf 95' lang='lat' dir='ltr'><strong> </strong></span> 
     </span>
    </p>
   </div>
  </div>
 </body>
</html>
