2862 4864
238 189 302 250 886

619 175 947 256 supremis

325 354 556 422 Animadvertit
568 354 739 440 procellam
751 353 889 420 hostium
905 353 1123 421 imminentem
1137 355 1200 421 stt

325 441 368 508 Et
382 441 592 506 calamitatem
605 463 706 526 prope
719 439 780 508 sibi
794 440 967 516 muscum,

324 529 564 616 Ingemuitque:
586 549 646 594 nos
660 549 734 594 vero
748 549 812 592 uon
828 527 1052 592 intermisimus
1065 549 1143 592 sue

322 615 443 691 Jacere,
460 612 539 678 nlius
552 613 681 680 aliunde
695 615 824 680 instans.

325 699 410 766 Tum
424 721 500 764 vero
514 711 653 766 atrocem
667 699 918 764 adhortationem
933 699 1127 764 audivimusr

377 787 445 852 lade
458 787 647 850 moriemur:
671 808 778 852 verum
795 788 968 852 moriamur
1267 795 1335 852 810
1423 843 1424 856 ,

365 873 566 949 onestissime,
577 895 707 958 sequere
716 895 777 948 me,
789 871 969 936 districtum
980 891 1089 936 mrem
1099 881 1210 936 nuens
1220 891 1334 938 manu.

326 959 494 1046 Postquam
509 972 614 1024 autem
631 959 853 1044 conspeximus
872 956 1014 1046 geminos
1034 955 1176 1023 hostium
1187 957 1335 1024 vibratos

326 1067 690 1284 gqgsegibhhontoriales
704 1130 902 1215 implevimus
916 1129 1029 1216 sylvas.

404 1240 422 1283 c

423 1239 476 1282 um
491 1217 614 1303 fingeret
627 1217 749 1304 aliquis,
765 1217 818 1281 alii
833 1217 984 1282 instantes

326 1302 549 1368 Percutiebant
562 1325 633 1368 ecs:
656 1325 729 1367 cum
744 1318 848 1368 autem
863 1299 923 1366 hos
938 1302 1142 1388 pepulissent,

326 1389 446 1455 Iterum
460 1411 532 1474 quae
546 1410 619 1489 pars
633 1390 722 1473 prius
736 1401 870 1454 cesserat
883 1387 1054 1473 pulsabant
1065 1389 1158 1452 saxis.

327 1475 391 1542 Sed
406 1497 453 1538 res
466 1489 534 1540 erat
548 1474 750 1540 incredibilis.
796 1474 975 1539 Innumeris
989 1475 1075 1540 enim
1089 1496 1131 1538 ex
1144 1473 1297 1539 menibus

326 1561 440 1626 Nullus
454 1560 511 1626 has
525 1561 608 1626 Dese
622 1562 764 1626 victimas
777 1561 872 1626 ferire
887 1576 1019 1646 poterat,
1035 1561 1155 1646 lapides
1164 1561 1303 1646 jaciens.

324 1647 390 1712 Vix
405 1647 487 1714 enim
502 1669 591 1726 nune,
605 1670 668 1712 non
683 1647 832 1714 audendo
846 1647 973 1733 quidem
987 1669 1040 1712 ess
1053 1649 1210 1732 cepimus:

326 1733 390 1798 Sed
403 1733 500 1820 globo
514 1732 598 1798 lecto
611 1733 842 1800 circumdantes
855 1733 1045 1798 extorsimus
1263 1741 1334 1800 820

326 1820 418 1885 Saxis
431 1843 472 1884 ex
487 1819 631 1886 manibru
646 1843 743 1898 enses,
759 1819 800 1886 ad
816 1835 930 1886 terram
946 1842 1020 1884 vero
1032 1841 1138 1908 genus

326 1907 399 1972 Prae
428 1905 611 1994 fatigatione
637 1906 850 1972 demiserunt:
886 1907 926 1972 sd
961 1928 1070 1994 regem
1097 1918 1205 1972 sutem
1232 1903 1334 1993 hujus

410 2006 502 2057 terne

324 2077 530 2162 Adduxintus
544 2078 637 2163 ipsos.
683 2079 740 2142 llle
755 2079 887 2144 intuitus
899 2101 959 2156 ecs,
974 2101 1070 2164 quam
1084 2077 1250 2144 celerrim

325 2164 379 2229 Ad
394 2164 518 2228 lavacra
530 2176 564 2227 et
577 2164 618 2228 ad
635 2165 854 2230 mactationem
870 2165 954 2229 misit
967 2165 1036 2230 tibi.

326 2249 416 2335 Opta
429 2272 503 2316 vero
517 2251 605 2328 tales,
621 2249 654 2317 Ο
669 2251 768 2335 virgo,
781 2252 839 2316 tibi
852 2251 1012 2336 hospitum

326 2336 479 2400 victimas
493 2336 616 2402 muse:
640 2349 672 2402 et
685 2340 711 2402 si
726 2353 843 2404 mactes
856 2336 995 2420 hospites

324 2422 431 2502 Tales,
447 2423 573 2488 Grecis
586 2423 803 2508 compensabit
815 2437 902 2489 tuam
917 2423 1050 2504 eedem,

326 2508 474 2574 Pendens
487 2529 614 2593 mam
628 2510 725 2575 mdis
738 2511 773 2574 in
787 2509 915 2575 Aulide.

239 2615 316 2662 cuo.
326 2594 413 2662 Mira
441 2594 552 2660 dixisti
580 2595 621 2662 de
649 2595 715 2674 illc,
744 2597 799 2684 qui
834 2595 1023 2682 conspectus
1058 2608 1116 2673 est,
1144 2596 1334 2684 quicunque

326 2767 377 2833 Ex
391 2682 589 2852 &nbiiinqm
604 2770 689 2832 venit
701 2767 743 2834 ad
759 2767 900 2834 Pontum
914 2767 1146 2852 inhospitum.
1266 2778 1335 2836 880

242 2873 315 2920 rra.
327 2853 415 2920 Bene
428 2867 491 2920 est:
515 2867 550 2918 tu
566 2855 575 2916 i
600 2855 663 2920 ‘tur
677 2855 784 2921 sbiens
798 2854 903 2920 adduc
916 2853 1066 2940 hospites.

325 2940 410 3017 Qum
424 2961 499 3006 vero
512 2940 565 3006 hic
628 2941 722 3006 ienda
735 2955 807 3008 sunt
821 2963 920 3019 secra,
935 2963 994 3006 nos
1006 2939 1233 3006 curabimus-

325 3025 357 3092 Ο
372 3027 521 3091 miserum
536 3048 602 3103 cor,
616 3028 705 3112 prius
718 3027 846 3115 quidem
862 3048 938 3114 erga
951 3027 1092 3114 hospites

323 3111 546 3198 Tranquillum
562 3113 647 3178 fuisti
661 3131 693 3178 et
707 3135 831 3199 semper
846 3113 1033 3192 misericors,

323 3197 511 3286 Cognationi
525 3199 721 3285 lachrymam
735 3201 926 3288 impertiens,

324 3284 458 3362 Quoties
473 3287 606 3352 Grecos
619 3286 653 3350 in
667 3308 779 3352 manus
793 3287 960 3372 sosipetes.

326 3371 356 3436 N
360 3392 422 3435 une
435 3393 511 3436 vero
523 3394 564 3438 ex
577 3374 717 3452 somniis,
732 3372 847 3460 quibus
860 3371 999 3438 efferam
1011 3395 1130 3450 summ,

323 3455 517 3523 Existimans
532 3460 677 3524 Orestem
692 3458 901 3560 nonsmplius
913 3459 1012 3525 solem
1026 3459 1154 3535 bruteri,

324 3543 517 3696 Mslessclarn
537 3546 624 3610 nodie
645 3567 696 3612 me
716 3545 966 3624 usnscscemiui,
988 3545 1172 3633 quicunque
1194 3545 1332 3615 tandem

478 3631 633 3697 veneritis.

324 3715 368 3781 Et
381 3717 538 3783 somnium
555 3739 664 3784 rerum
679 3715 755 3783 fisis:
770 3729 945 3804 praetextus
958 3717 1064 3798 fuerit,
1075 3717 1108 3784 Ο
1118 3718 1252 3784 emices
1262 3729 1334 3789 840

324 3802 470 3868 Infelices
483 3803 569 3869 enirn
583 3803 776 3886 baetonibus,

322 3887 391 4038 {psi
407 3891 489 3955 ursle
501 3913 535 3956 se
547 3905 702 3978 gerentes,
717 3912 782 3956 non
794 3891 878 3970 ‚bene
891 3889 1019 3976 sapiunt

354 3997 442 4040 eruin
458 3999 517 4044 nse
531 3991 643 4044 ventus
656 4001 676 4042 s
690 3977 771 4043 Jove
783 3981 891 4044 sum
903 3979 961 4044 leue
973 3977 1061 4044 venit
1075 3997 1230 4063 unquam,

324 4059 392 4126 Nec
406 4063 505 4142 navis,
543 4085 592 4130 ue
608 4085 665 4148 per
679 4085 774 4149 rupes
788 4063 1015 4152 Symplegades

322 4146 482 4212 Helenam
498 4085 667 4216 adduxerit
680 4149 754 4232 buc,
768 4173 841 4237 quse
856 4173 908 4216 me
921 4148 1077 4235 perdiditr

322 4231 391 4300 Nec
405 4231 601 4318 Msnslsum,
617 4251 652 4302 ut
665 4237 750 4322 ipsos
765 4237 901 4304 vicissim
915 4235 1092 4314 ulciscerer,
