2852 4862
271 210 335 272 Μ
645 187 972 270 iiilili‘i’iDiS

356 375 420 444 Sed
435 375 516 441 rudo
529 385 687 454 crottum,
703 395 768 463 quo
781 393 913 464 eccepto
925 379 966 444 ud
981 374 1097 445 inferos

358 463 470 540 Vudct,
486 460 665 527 interiectus
679 464 828 528 maternis
843 465 1000 547 munibus,

358 548 500 616 Pentheo
515 545 700 614 induturusr
721 565 891 638 cognoscet
906 573 979 617 vero
993 551 1081 617 ioris
1095 551 1197 618 lilium

356 635 530 712 Brccbum,
546 634 632 720 quod
647 635 740 700 estin
756 658 865 724 pugne
879 637 971 704 Deus

357 721 504 788 Maxime
515 717 732 802 formidabilis,
747 722 877 806 placidis
891 745 968 792 vero
981 724 1172 790 mitissimus.

269 832 346 878 cuo.
357 808 444 874 Num
459 807 493 884 in
507 805 673 872 nocturnis
686 805 790 872 choris
1199 807 1341 896 (ulruplo)

263 914 267 929 ·
358 895 479 960 Ponam
494 892 667 980 aliquando
680 893 852 960 candidum
866 895 979 982 pedem
995 893 1068 962 bso-

353 980 452 1049 cbsns
465 979 617 1045 cervicem

354 1067 394 1134 in
410 1066 566 1132 roscidum
580 1077 683 1130 aerem

353 1155 482 1220 lacum
495 1155 505 1216 l
531 1149 629 1217 veluti
642 1173 757 1238 cupreo
770 1153 802 1217 in
820 1152 1027 1220 viridantibus

354 1239 486 1307 Deliciis
499 1238 583 1323 proti
596 1236 717 1316 ludens,

354 1326 495 1404 Quando·
508 1323 652 1412 effugerit
664 1321 896 1390 formidandam

357 1411 563 1477 venationem
577 1421 667 1476 extra
679 1410 896 1476 custodiarum

356 1501 460 1584 Super
473 1497 551 1562 retia
565 1496 645 1560 bene
659 1509 815 1574 contextu,

354 1582 539 1650 vociferans
553 1601 629 1646 vero
644 1595 773 1647 venator

355 1668 496 1738 intendit
509 1689 634 1733 cursum
649 1689 775 1747 conum,

355 1757 399 1822 Et
411 1753 575 1821 laboribus
587 1765 620 1819 et
633 1755 750 1840 rapidis
764 1777 911 1822 cursuum

354 1840 554 1910 Turbinibns
567 1841 659 1906 saltet
671 1840 834 1927 planitiem

352 1931 454 1996 Juxta
466 1927 659 2004 lirrminenrn,
673 1927 815 2028 gaudens

355 2013 546 2082 Mortsiium
559 2013 738 2095 solitudine,

353 2101 537 2188 Opscaeque
551 2099 647 2185 syleoe
661 2098 837 2165 frondibus.

354 2185 478 2274 Ecquid
494 2195 539 2250 ert
553 2187 764 2269 prestantius,
779 2193 836 2252 sut
849 2184 1017 2271 pulchrius

355 2274 478 2340 Munus
492 2295 512 2336 u
524 2269 585 2335 diis
599 2275 705 2336 dolum
718 2273 801 2338 iuter
814 2271 968 2351 homines,

351 2361 460 2431 Quum
472 2377 602 2422 murum
616 2379 713 2443 supra
726 2359 874 2424 verticem

353 2445 507 2512 Hostium
522 2443 680 2508 victricem
694 2443 834 2510 babere?

353 2531 452 2608 Quod
467 2529 633 2614 pulclrruur
650 2539 703 2608 est,
718 2553 845 2617 semper
858 2543 903 2596 est
915 2542 1054 2620 gruum.

353 2615 455 2706 AEgre
468 2629 645 2683 commovet
659 2637 702 2696 se,
718 2619 771 2682 sed
786 2632 891 2684 tumen

353 2705 485 2771 Certum
499 2713 546 2768 est
558 2701 700 2767 divinum
716 2704 831 2772 robur:

354 2791 453 2857 Punit
466 2811 542 2854 vern
554 2788 698 2854 homines

353 2879 402 2944 Im
429 2878 552 2941 ictorum

352 2899 501 3030 coientes
516 2975 547 3028 et
562 2961 706 3026 Deorum
722 2983 771 3025 rcs
786 2983 850 3026 non

353 3050 591 3125 Promoventes,
607 3048 716 3112 insano

351 3135 531 3236 Opinione:
553 3133 712 3198 occultant
726 3147 830 3199 cutem
845 3135 895 3198 dir’
906 3135 992 3200 varie

350 3220 602 3286 Drutumitstem
616 3221 768 3306 temporis
783 3218 896 3306 pedem
911 3231 943 3286 et

348 3307 517 3372 Vocantur
530 3305 681 3390 impiumr
703 3326 767 3369 non

351 3391 447 3460 Enim
462 3399 601 3478 unquam
617 3387 822 3457 excellentius
836 3391 912 3480 quid
927 3392 1049 3482 legibus

352 3479 503 3568 Cngitsre
516 3477 663 3543 convenit
677 3491 731 3543 out
746 3478 899 3544 meditari.

351 3565 446 3632 Levis
459 3565 543 3630 enim
558 3575 602 3629 ert
616 3577 760 3649 sumptus

351 3651 543 3719 Existimaru
557 3649 655 3714 robur
669 3649 786 3716 habere

350 3739 506 3808 Divinum
520 3758 649 3816 numen,
664 3737 876 3825 quodcunque
889 3735 1016 3803 tandem
1031 3735 1110 3802 illud
1125 3739 1188 3804 sit.-

350 3825 529 3912 Longcquc
543 3841 685 3908 tempore

350 3912 512 3998 Perpetim
529 3922 564 3974 ut
573 3911 626 3996 jus
640 3921 803 3996 receptum
818 3911 962 3976 naturale
976 3909 1096 4000 aliquid
1111 3931 1187 3977 esso.

442 3997 475 4062 id
490 4005 534 4062 est
545 3997 757 4082 montius,
772 4009 826 4062 tul
840 3996 1002 4082 pulchrius

348 4087 380 4151 A
418 4020 440 4101 H
467 4105 582 4149 munus
592 4083 674 4148 inter
687 4081 842 4162 homines,

349 4171 456 4250 Quam
473 4191 601 4235 manum
617 4191 713 4258 supra
726 4169 875 4236 verticem

349 4257 504 4326 Hostium
516 4255 676 4323 victricem
691 4254 823 4322 tenere?
