2882 4858
283 239 347 308 484
554 257 558 268 ·
657 227 1012 294 EURIPIDIS.

372 397 1105 486 obhaeeveromultommqumnehne
1295 405 1340 462 000

376 490 535 558 Omnibus
546 487 631 552 cuim
647 487 847 570 praeconibus
860 486 912 550 hic
926 495 971 550 erc
983 507 1054 564 mur,

376 578 425 645 Ut
438 577 486 642 bie
501 585 623 640 tuntum
637 583 831 660 exaggerent
844 590 1000 658 nequem
1015 585 1112 660 gestie
1127 573 1202 638 siut.

375 663 483 741 Quem
497 661 599 726 multe
611 673 703 744 purus
717 662 820 746 ipsum
835 657 963 751 regibus
976 679 1042 724 erse
1055 656 1238 724 dicturum?

376 747 476 828 Quod
489 748 529 813 eit
541 747 663 811 utrocie
675 765 794 828 puseus,
809 756 843 807 et
855 765 937 828 pene

376 836 506 901 Venerit
520 834 553 897 iu
567 831 741 917 periculum
756 829 938 894 amittendae
951 829 1038 894 vitre⁴

294 941 365 992 tou.
380 921 514 988 Nullum
529 934 576 984 eet
588 917 752 1004 pulchrius
766 914 863 980 decus
876 915 994 992 liberie,

378 1009 486 1086 Quum
500 1029 540 1072 ex
556 1018 645 1090 petre
658 1005 744 1068 bono
757 1001 893 1088 fortique
908 1014 1000 1066 uetoe
1013 1023 1089 1079 cece,

381 1095 424 1161 Et
434 1094 553 1158 nubere
568 1113 586 1157 e
599 1091 706 1154 bouise
730 1089 785 1176 qui
801 1109 878 1152 vero
890 1087 991 1152 virute
1005 1088 1137 1152 libidirre

381 1179 557 1266 Conjuuxit
570 1199 602 1241 re
616 1197 690 1242 cum
704 1173 805 1252 mulis,
820 1175 905 1238 tuem
919 1194 980 1262 ego
994 1195 1059 1239 nun
1074 1173 1219 1251 laudubo,

381 1267 479 1343 Quod
494 1265 651 1350 relinquet
664 1261 770 1326 liberis
784 1259 920 1324 dedecus
956 1274 1064 1345 rupter
1074 1265 1273 1346 voluptutem.
1306 1264 1354 1323 tut

383 1351 600 1418 Infelicitetem
616 1351 700 1414 cutm
714 1347 926 1432 generis-nob·
940 1349 999 1412 iter
1012 1348 1179 1432 propulset

383 1437 491 1526 Magis
504 1457 599 1523 quum
614 1434 737 1523 generis
751 1431 949 1522 ignobilitas:
972 1433 1142 1514 nonenim,
1157 1433 1302 1500 melorum
1417 1441 1418 1454 ³

384 1525 424 1590 ln
439 1537 579 1588 extreme
592 1521 681 1607 lapsi,
696 1520 872 1584 invenimur
885 1521 1003 1584 emicoe

385 1610 430 1676 Et
444 1623 596 1709 cognatos
610 1609 678 1684 boe,
695 1606 760 1692 qui,
775 1627 816 1678 ex
832 1617 922 1670 tante
935 1604 1162 1691 pupulis-cultu

385 1697 522 1764 Groectrc
537 1707 631 1774 terra,
647 1693 704 1756 bur
717 1692 775 1756 eoIi
790 1693 884 1756 tutati
897 1705 982 1756 eunt.

386 1779 472 1848 Dete
485 1803 549 1856 voe,
562 1779 662 1864 pueri,
677 1780 722 1842 eie
734 1777 879 1842 dextram
894 1797 1036 1857 murrum,
1049 1773 1133 1859 dete,

388 1867 431 1932 Et
443 1889 500 1931 vos
513 1865 630 1967 pueris,
646 1877 677 1930 et
690 1885 791 1950 prope
805 1863 954 1939 accedite,

388 1957 542 2038 Opuerr:
564 1951 740 2036 periculum
754 1951 930 2026 amicorum
944 1948 1084 2015 fecimus.
1317 2011 1322 2026 ,

390 2039 425 2106 si
439 2037 566 2124 quando
580 2037 676 2124 igitur
691 2035 859 2120 contigerit
872 2035 961 2100 vobis
975 2035 1096 2102 reditus
1108 2039 1141 2102 iu
1157 2037 1297 2122 petrium,

389 2125 434 2189 Et
447 2125 559 2189 domos
573 2122 742 2188 habueritis
756 2135 788 2186 et
801 2121 936 2186 honores
949 2123 1057 2208 putris,
1315 2127 1365 2186 010

391 2211 505 2276 Putate
518 2229 641 2295 semper
655 2211 894 2273 conservatores
907 2219 938 2272 et
952 2209 1081 2284 amicos,

391 2296 434 2362 Et
443 2315 605 2380 nunquam
614 2294 760 2359 adversus
769 2295 871 2358 horror
880 2307 994 2359 terrem
1003 2293 1366 2366 toilitebcctumboctilem.

393 2381 554 2446 Memores
568 2381 681 2444 horum
697 2381 909 2461 ὁαιιῃῖεἱοπιω,
924 2379 978 2444 sed
993 2379 1207 2446 charissimum
1221 2383 1358 2448 civitatem

393 2466 546 2533 Omnium
563 2480 679 2549 putate.
714 2465 784 2530 Coli
800 2485 874 2530 eune
887 2471 908 2530 'c
920 2465 1009 2532 robie
1022 2466 1112 2554 digni
1126 2481 1209 2546 mut,

394 2553 462 2630 Qui
475 2564 591 2617 terrem
608 2564 725 2615 tentum
742 2563 774 2616 rt
790 2551 987 2639 Pelasgicum
1002 2553 1156 2640 populum

395 2639 502 2704 Nostri
518 2639 585 2702 vice
598 2637 715 2702 hebere
729 2636 834 2703 hoetes
849 2651 1076 2724 proeopturuut,

395 2724 548 2790 videntes
562 2724 734 2804 mendicus,
748 2745 893 2788 errones:
918 2724 973 2789 red
988 2739 1094 2790 tumen

398 2810 473 2876 Non
488 2809 688 2889 dediderunt,
703 2829 806 2895 neque
819 2810 1011 2896 expulerunt
1024 2831 1065 2874 ex
1081 2829 1136 2876 ritu
1151 2826 1242 2882 terre.

396 2897 469 2986 Ego
482 2917 557 2961 vero
570 2911 602 2960 et
616 2897 722 2960 tivene
736 2911 768 2960 et
781 2911 936 2978 mortuus,
951 2897 1082 2984 quaudo
1095 2899 1238 2964 morieris

396 2983 429 3047 Ο
442 2984 551 3062 amice,
568 2985 689 3066 mugnis
703 2977 850 3046 luddibue
863 2983 1015 3047 uccedeut
1028 2981 1167 3066 Theseo,
1325 2987 1375 3048 ΩΟ

397 3068 561 3134 Extollunt
577 3083 618 3146 te,
633 3080 665 3133 et
678 3067 748 3132 brec
761 3068 881 3148 dicem,
896 3069 984 3134 iilum
999 3067 1174 3149 deluctebo,

397 3153 496 3230 Quod
510 3169 542 3219 et
556 3154 735 3218 humaniter
749 3155 910 3256 exceperis
922 3175 977 3218 cor
988 3169 1022 3220 et
1034 3177 1127 3238 opem
1143 3157 1248 3222 tuleris
1262 3153 1356 3222 liberis

397 3239 576 3317 Herculeis,
590 3255 622 3306 et
635 3239 722 3326 quod
737 3239 851 3305 nobibs
866 3261 923 3323 per
938 3241 1098 3306 Graec'uur

399 3325 510 3392 Servus
523 3340 687 3411 paternam
701 3324 845 3414 gloriere,
861 3349 899 3392 ex
915 3326 1004 3392 bouis
1017 3329 1101 3392 enirn
1117 3349 1189 3393 curu
1204 3341 1292 3393 uetur
1304 3329 1351 3401 sie

398 3411 473 3476 Nou
488 3435 521 3475 ee
534 3409 672 3478 deterior
684 3426 786 3498 putre,

400 3498 483 3563 Cum
498 3499 608 3599 peucie
621 3497 707 3564 aliis:
732 3517 830 3562 unum
845 3500 930 3564 enim
945 3489 1027 3563 triter
1042 3494 1158 3566 multoe
1172 3499 1249 3566 sorte

399 3584 552 3662 Iuventus,
568 3583 624 3670 qui
638 3605 702 3649 nou
717 3585 757 3648 eit
770 3584 907 3650 deterior
921 3599 1020 3671 petre.

314 3689 391 3738 cuo.
403 3671 534 3756 Semper
547 3669 618 3734 hoec
633 3683 716 3735 terre
728 3669 916 3736 cuiumitoric

401 3757 441 3822 Iu
457 3777 549 3822 ceum
557 3758 642 3843 justu
656 3757 723 3820 vult
737 3777 829 3840 opem
845 3755 939 3821 ferre.

401 3843 590 3909 Innumeros
603 3843 687 3906 euim
697 3844 764 3928 jum
779 3841 905 3907 laborer
914 3861 977 3928 pru
993 3844 1102 3908 amicir
1331 3848 1386 3906 8³0

402 3928 503 4007 Tulit,
519 3943 551 3994 et
564 3949 650 3993 nunc
664 3927 726 3993 hoc
741 3943 898 3994 certemeu
915 3928 1006 3993 video
1019 3949 1120 4016 prope
1136 3953 1190 3996 mc
1200 3949 1270 3996 erre.

317 4013 448 4080 oerrAEt
460 4037 482 4079 e
494 4028 527 4080 te
539 4026 624 4079 recte
637 4014 758 4079 dictum
774 4028 830 4091 eet,
845 4027 878 4078 et
891 4009 1028 4090 coutido,
1043 4035 1151 4094 senex,
1166 4017 1279 4082 borum
1296 4011 1388 4079 offici·

402 4099 496 4166 Terta
509 4097 596 4176 fore3
618 4099 650 4164 in
667 4101 818 4164 memorie
831 4097 999 4166 habebitur
1012 4101 1074 4166 hoc
1089 4103 1285 4170 beneficium.

403 4185 447 4252 Et
459 4183 520 4273 ego
534 4186 661 4272 quidem
675 4186 791 4250 civium
806 4199 995 4251 conventum
1010 4187 1135 4266 fec'urm,

404 4269 446 4336 Et
459 4271 624 4348 ordinabo,
641 4287 676 4336 ut
692 4271 894 4358 Mycenaeum
909 4273 1085 4338 exercitum
