2784 4864
271 265 314 322 u
443 349 448 358 .

657 244 984 316 EURIPIDIS

358 425 531 514 Navigant,
546 421 797 488 circumfluentes

357 514 456 579 Juxta
470 505 588 574 steriles
602 529 730 593 campos

360 597 499 666 Siciliam
516 593 666 681 Zephyro
677 593 804 660 flatibus

361 685 520 770 Spirante,
535 683 567 745 iu
583 679 668 747 coelo

360 772 545 855 Inoptatum
560 766 745 842 stridorem

360 856 453 923 Urbe
466 867 573 920 autem
587 853 687 918 electa
700 873 742 916 ex
756 871 826 916 meu
1228 861 1314 942 (unt.
1332 861 1375 942 1.)

361 943 408 1010 Ut
423 963 522 1007 essem
536 940 773 1025 pucherrImum
788 938 908 1002 donum
925 939 1079 1024 Apollini,

270 1055 273 1069 ·
362 1029 534 1095 Cadmeam
550 1027 621 1090 veni
636 1027 668 1089 in
684 1039 812 1104 terram,

361 1115 558 1201 Inclytorum
573 1113 743 1178 liberorum
764 1112 930 1200 Agenoris,

362 1203 522 1288 Cognatas
536 1198 578 1264 ad
594 1197 664 1263 Laii

363 1287 467 1354 Missa
481 1287 545 1351 huc
559 1299 669 1350 turrea.

364 1373 517 1441 Similiter
530 1385 635 1437 autem
650 1371 759 1436 statuis
773 1391 811 1434 ex
826 1389 904 1432 auro
918 1368 983 1434 fac·

330 1457 335 1468 ³
363 1461 403 1526 tis
418 1458 542 1524 Phoebo
558 1458 700 1522 ministra
710 1477 778 1520 sum
793 1453 885 1519 facta.

364 1545 481 1612 Adhuc
496 1567 570 1610 vero
586 1542 827 1628 Castaliifontis
840 1563 922 1628 aqua

364 1633 523 1717 Expectat
537 1651 588 1694 me
601 1652 708 1694 comas
722 1651 807 1692 meas

365 1717 413 1786 Ut
428 1719 517 1805 riget,
535 1717 583 1780 vir
607 1718 694 1779 inum
709 1713 846 1789 delicias,

364 1805 404 1872 In
416 1803 570 1869 sacrificio
614 1801 712 1866 hoebi.

365 1892 398 1957 Ο
413 1889 579 1978 splendens
591 1900 681 1974 petra
694 1886 777 1973 ignis
1256 1897 1377 1980 (epod.)

364 1978 513 2045 Duorum
527 1975 679 2040 verticum
693 1974 814 2037 lumine
828 1993 922 2058 supra
936 1993 1086 2039 cacumen

366 2063 495 2139 Bacchi,
512 2075 543 2126 et
557 2073 600 2138 tu,
618 2060 650 2126 Ο
666 2060 796 2125 Bacchi.

366 2149 460 2226 Vitis,
476 2169 548 2236 qun
563 2145 784 2232 quotidianum
1312 2161 1379 2220 220

366 2234 517 2301 Exstillas
525 2244 643 2318 potum,
660 2231 842 2298 foecundum
857 2230 928 2294 vitia
942 2231 1001 2295 flo-

367 2321 919 2482 ttttt'tittsszt‘ItIITtr

369 2491 866 2666 ‘tttttssqtt‘tsstitz'ssl'tr

368 2665 521 2731 cumdana
535 2663 630 2750 adyta
643 2663 706 2729 Dei

370 2751 497 2818 Chorus
511 2751 631 2815 utinam
647 2751 704 2814 sim
720 2749 787 2814 aine
800 2762 898 2815 metu.

369 2838 423 2904 nd
438 2836 631 2903 umbilicalee
645 2835 740 2901 vallea
756 2835 852 2901 Phoe·

368 2924 412 3001 bi,
430 2923 538 2989 relicta
553 2921 662 2988 Dirce.

369 3011 467 3076 Nunc
480 3031 554 3074 vero
569 3008 646 3073 mihi
661 3021 735 3073 unte
748 3007 865 3073 moenia
1133 3017 1203 3096 (etr.
1220 3015 1269 3096 2.)
1313 3021 1377 3080 240

370 3096 567 3180 Impetuosus
582 3093 740 3182 profectus
755 3094 847 3159 Maru

371 3181 499 3246 Caedem
515 3183 615 3246 diram
630 3181 771 3246 incendit

372 3265 471 3344 Huic,
488 3266 574 3354 quod
588 3267 709 3332 utinam
726 3289 766 3332 ne
780 3267 912 3344 accidat,
929 3269 1019 3334 urbi:

371 3353 565 3418 Communes
579 3353 662 3418 enim
679 3365 749 3418 nent
763 3355 935 3419 amicornm
951 3355 1093 3421 dolorem

371 3437 563 3504 Communia
577 3441 671 3504 etiam
686 3451 766 3520 sant,
782 3439 808 3502 ai
823 3440 901 3528 quid
914 3443 1055 3526 patiatur

371 3525 499 3611 Septem
515 3527 636 3591 munita
650 3527 789 3590 turribus
805 3527 874 3591 haec
887 3537 970 3592 terra

370 3610 545 3676 Phoeniasae
559 3613 690 3699 regioni.
735 3612 836 3690 Eheu,
853 3612 934 3678 heu!

370 3696 559 3762 Communia
573 3699 709 3786 sanguis,
725 3719 907 3764 communes
920 3697 1012 3765 liberi

372 3781 557 3872 Cornigerae
572 3797 645 3849 aunt
660 3785 731 3848 Ius:

371 3867 496 3944 Quibus
510 3868 655 3934 laborum
670 3891 730 3958 ego
744 3892 812 3936 aum
829 3873 995 3958 particeps.

370 3953 500 4020 Circum
514 3956 624 4022 urbem
639 3969 745 4022 autem
761 3957 861 4022 nubea
1237 3968 1314 4046 (aar.
1332 3973 1351 4028 2

371 4037 564 4124 Clypeorum
579 4041 678 4109 densa
691 4043 847 4120 incendet,
1369 4057 1370 4068 ¹

371 4123 498 4208 Species
512 4139 651 4194 cruenta
666 4151 793 4216 pugna,

369 4209 473 4280 Quam
490 4209 581 4280 Marc
596 4235 672 4280 mox
686 4215 848 4306 mgrrorcit

371 4293 459 4364 Filiiu
473 4297 589 4388 OEdipi
602 4299 704 4368 ferent
