2794 4862
367 201 717 294 aurasicae.
1023 213 1085 300 aas

129 391 196 468 Quid
208 392 276 457 euim
290 392 370 458 mibi
384 417 465 480 opus
480 410 548 462 erat
562 398 692 464 liberis?
793 410 797 419 '

128 477 186 543 Non
196 479 261 544 euin
274 479 414 567 uuquam
429 483 600 550 timuissem
616 507 666 550 me
680 503 841 570 passuram
857 485 950 554 luisse
965 489 1026 554 boc

125 565 215 650 lugens
226 567 344 644 malum,
361 569 386 632 si
402 591 478 634 anu
503 571 553 636 tiis
567 572 800 640 abstinuissem:

126 651 201 716 Nunc
211 673 271 717 raro
283 651 377 717 video
392 593 677 723 manilestissimum

124 736 230 814 Malum
243 738 425 804 cbarissimis
439 741 544 808 liberis
558 745 677 810 orbata.

123 824 172 889 Sed
184 822 240 891 hac
250 846 332 889 nunc
345 826 438 891 video
452 849 588 916 corpora

119 908 288 976 Mortuorum
302 909 459 978 filiorum=
483 915 516 980 0
530 937 581 981 me
595 917 739 982 miseram

119 995 226 1062 Utinam
238 1019 358 1084 peream
371 1020 443 1064 cum
458 1001 526 1067 istis
539 1002 655 1081 liberis,

117 1081 294 1147 &mnndum
308 1084 349 1148 ad
367 1085 535 1152 Plutonem
548 1088 759 1155 descendens!
1016 1101 1080 1157 800

51 1191 84 1234 m.
115 1167 258 1248 Gemitum,
275 1169 306 1235 Ο
323 1185 448 1251 matres,
897 1183 902 1196 '
955 1182 1019 1264 (str.
1034 1179 1079 1260 2.)

110 1254 353 1321 Demortuissub
368 1271 482 1324 terrum
498 1263 591 1326 ituris
947 1292 952 1301 “

109 1339 199 1416 Edite,
213 1357 347 1408 resonate
360 1343 493 1410 vicissim
507 1369 594 1412 meos

112 1427 237 1494 Gemitus
249 1428 418 1495 audientes.

51 1513 138 1579 nuo
150 1513 209 1593 fllii,
221 1511 248 1578 0
260 1514 374 1580 acerba
387 1515 553 1581 chararum

104 1598 229 1664 Matrum
243 1601 423 1688 appellatio,

98 1685 241 1771 Alloquor
251 1700 292 1764 te,
309 1699 483 1754 mortuum.

51 1795 65 1836 r.
98 1770 176 1836 Hei!
197 1772 244 1836 hei
257 1772 334 1838 mibi
348 1789 479 1862 propter
494 1797 564 1842 mea
577 1777 660 1841 mala
672 1775 679 1841 l

51 1857 237 1984 uslai

51 1993 187 2096 iuPassae
200 2053 303 2096 sumus
319 2032 352 2097 0
365 2033 582 2099 acerbissimos
596 2033 752 2100 malorum
766 2035 910 2103 dolores!
1013 2050 1076 2107 810

51 2167 54 2180 .
85 2117 117 2183 Ο
131 2117 234 2182 civitas
250 2120 377 2206 Argiva,
394 2141 458 2184 non
474 2120 586 2186 ridetis
602 2143 707 2186 meum
721 2119 844 2188 latum?

58 2203 204 2270 l.Videut
216 2217 247 2269 et
259 2225 311 2268 me
323 2204 467 2289 prolecto

80 2289 241 2367 Miseram,
256 2291 399 2356 orbatam
416 2292 533 2358 liberis.

79 2375 233 2442 Oafferte
247 2379 430 2443 miserorum
937 2387 1012 2468 (unt.
1029 2385 1073 2466 2.)

74 2463 222 2548 Corpora
236 2477 376 2542 cruenta,

69 2549 245 2614 interiecta
259 2570 323 2614 non
337 2549 444 2640 digne,
459 2571 562 2638 neque
575 2575 595 2615 a
609 2549 722 2639 dignis,

66 2636 109 2698 ln
124 2635 242 2722 quibus
257 2635 385 2701 linitum
400 2649 447 2702 est
461 2649 630 2703 certamen.

55 2723 169 2799 ‚Date-²,
185 2735 224 2786 nt
239 2721 458 2807 complexibus
468 2725 535 2809 jam

61 2807 189 2873 Manus
204 2808 369 2894 applicans
382 2810 461 2874 meis

56 2896 74 2959 1
77 2917 99 2957 n
118 2893 263 2960 brachiis
277 2915 395 2980 ponam
409 2895 536 2961 liberos.
1008 2905 1072 2964 820

54 2980 188 3059 Habes,
206 2979 319 3047 habes.
363 3001 442 3047 ono.
467 2982 550 3047 Satis
564 3003 706 3068 magnum
720 3001 800 3046 onus
814 2981 970 3050 dolorum.

52 3067 150 3143 Heu,
168 3066 259 3131 beul
307 3087 385 3134 cuo.
410 3067 598 3134 Parentibus
615 3068 723 3154 utique
737 3067 840 3132 dicia
1009 3087 1014 3096 ·

53 3153 181 3218 Audite
198 3175 265 3218 mc.
311 3175 390 3220 cuo.
414 3155 560 3219 Gemitus
575 3153 642 3218 edis
656 3155 687 3217 in
701 3167 878 3242 utrumque
987 3219 990 3226 ,

53 3241 196 3304 Utinam
215 3261 273 3304 me
287 3241 389 3325 copiae
404 3240 570 3305 Thebanae
585 3237 773 3306 occidissent
786 3242 819 3304 in
834 3239 984 3326 pulvere!

53 3327 196 3391 Utinam
218 3347 299 3391 vero
313 3349 419 3391 meum
434 3349 499 3391 nun
523 3329 754 3413 uamjunctum
767 3325 881 3393 luisset

53 3415 180 3498 {orpus
198 3413 236 3476 in
255 3413 317 3476 viri
331 3413 460 3500 alicujus
475 3435 514 3477 cu
539 3414 599 3479 ile!

53 3498 176 3563 'idetis
194 3498 335 3585 pelagus
348 3499 517 3578 mulorum,
530 3499 563 3565 O
955 3501 1069 3587 (epod.)

53 3585 175 3649 latres
193 3586 329 3651 miseroe
343 3585 491 3651 liliorum.
1055 3651 1060 3656 .

53 3671 229 3760 'nguibus
247 3670 379 3758 quidem
396 3672 523 3737 sulcatae
539 3693 656 3748 summ,
671 3671 789 3735 circum
804 3693 880 3737 vero

53 3761 203 3908 inerpm
223 3773 327 3907 cappt
342 3757 490 3909 firgipus.
1005 3765 1068 3822 830

57 3867 112 3909 eu
161 3866 212 3908 eu
232 3865 283 3908 mu
308 3866 377 3908 run
401 3867 412 3907 1

54 3931 150 3996 dum
170 3943 287 3995 terrae
299 3930 544 4006 absorbeatme,
651 3973 655 3983 ·

69 4017 260 4104 procella
277 4016 439 4098 dilaceret,

54 4105 200 4191 nisque
218 4103 360 4168 flamma
369 4104 459 4170 Jovis
473 4102 593 4168 incidat
607 4099 723 4186 capiti!

54 4194 155 4257 istes
172 4189 304 4256 vidisti
321 4193 457 4275 nuptias,

511 4297 532 4340 'r
