2882 4858
275 252 337 317 566
656 240 984 314 EURIPIDIS

364 417 429 497 Qui
443 417 504 482 hoc
519 417 659 481 verrebat
673 415 847 504 ternplum?
862 421 924 483 iste
938 431 986 484 est
998 419 1050 484 illa
1063 417 1157 495 lilius

278 527 354 574 cus.
368 505 498 572 Utinam
514 503 639 567 volitem
654 525 711 588 per
725 503 889 568 humidum

365 595 480 658 Aerem
495 587 578 652 ultra
592 589 739 654 Graecam
754 603 880 668 terram,

367 675 478 744 Stellas
492 677 534 739 od
549 674 733 760 Hesperias,

366 762 500 840 Qualem
515 761 638 848 qualem
651 763 754 846 patior
768 761 909 827 dolorem
925 760 932 825 Ι

366 848 441 926 Quo
456 869 530 912 vero
544 848 671 912 nomine
686 850 788 932 ipsum
804 848 977 920 nominavit
990 859 1088 934 pater,
1298 857 1360 918 0oe

368 936 470 1016 Nosti,
484 957 524 998 an
540 933 663 999 silentio
677 934 738 998 hoc
752 935 905 998 incertum
922 935 1051 1000 manet?

283 1043 357 1090 ctto.
370 1022 465 1102 lonis,
479 1022 627 1107 quoniam
640 1021 759 1107 primus
773 1021 898 1084 obviam
912 1022 997 1084 venit
1010 1021 1103 1108 petri.

283 1122 359 1174 stru.
371 1107 477 1172 Matre
491 1129 565 1170 vero
579 1126 618 1171 ex
634 1107 779 1193 quaest?
821 1129 896 1172 cuo.
920 1107 994 1170 Non
1010 1127 1135 1193 possum
1151 1107 1267 1176 dicere.

368 1193 432 1260 Sed
446 1193 532 1269 abiit,
549 1205 585 1257 ut
599 1195 705 1258 omnia
719 1195 796 1266 scias
810 1215 882 1280 quae
897 1215 955 1280 ego
971 1195 1046 1269 scio,
1062 1213 1168 1272 senex,

371 1279 433 1344 Pro
448 1277 515 1341 fllio
531 1279 759 1344 sacrificaturus
773 1281 866 1344 xenia
879 1293 911 1344 et
924 1279 1093 1366 genethlio,

371 1365 409 1430 ln
424 1365 518 1428 sacris
533 1360 758 1430 Tshemaculis
773 1365 852 1429 olam
868 1365 962 1430 h'scce
977 1367 1116 1444 maritus,

366 1450 588 1538 ¹Communiter
601 1449 811 1516 celebraturus
825 1452 951 1538 epulum
967 1475 1037 1516 cum
1053 1451 1130 1516 lilio.

285 1559 360 1604 eru.
371 1538 520 1610 Domina,
537 1537 653 1623 proditi
667 1551 919 1603 sumus-tecum
933 1539 1015 1602 enim
1032 1537 1168 1604 doleo-

372 1628 399 1689 A
416 1623 563 1700 taurino,
582 1635 613 1686 et
628 1624 772 1688 consulto
1113 1663 1118 1670 ·

370 1709 667 1794 Injuriaafficimur,
683 1725 714 1774 et
728 1709 824 1774 domo
839 1708 1007 1775 Erechthei
1301 1719 1362 1778 81⁰

372 1793 535 1880 Ejicimur.
565 1794 608 1860 Et
624 1797 682 1861 hoc
697 1810 786 1860 tuum
801 1815 865 1859 uon
880 1797 954 1860 odio
967 1817 1157 1882 prosequens
1171 1796 1321 1862 maritum
1427 1849 1428 1864 i

373 1882 467 1958 Dico,
484 1879 538 1946 sed
553 1880 637 1966 quod
651 1894 683 1946 te
697 1883 808 1970 magis,
823 1905 916 1970 quem
933 1882 1032 1957 illum,
1049 1904 1130 1958 amo,

375 1966 441 2042 Qui
456 1987 528 2031 curn
542 1967 679 2032 duxisset
693 1979 724 2032 te
733 1968 863 2032 veniens
878 1969 989 2052 hospes
1004 1970 1035 2032 in
1050 1969 1207 2033 civitatem

373 2053 417 2118 Et
430 2052 570 2130 domum,
586 2066 618 2117 et
632 2053 958 2120 totam-hereditatem
972 2067 1059 2120 tuam
1073 2055 1239 2141 accipiens,

375 2137 428 2204 Ex
443 2139 504 2204 alia
518 2138 649 2203 muliere
661 2160 775 2226 pueros
789 2161 956 2226 procreans

374 2224 467 2289 Clam
481 2223 743 2310 deprehenditur:
766 2227 925 2312 quomodo
938 2249 1012 2294 vero
1026 2227 1118 2305 clem,
1136 2249 1195 2314 ego
1210 2226 1336 2292 dimin:
1428 2233 1429 2244 ¹

376 2310 548 2410 Postquam
567 2327 596 2376 te
610 2313 705 2376 sensit
720 2335 785 2377 esse
798 2313 944 2390 sterilem,
960 2333 1023 2377 non
1040 2326 1088 2377 sat
1102 2313 1213 2378 habuit
1227 2313 1285 2380 tibi

376 2395 582 2473 similesne,
598 2410 629 2463 et
642 2398 778 2463 lortunae
793 2421 899 2484 parem
915 2401 1111 2464 conditionem
1126 2399 1218 2477 ferre,

377 2481 440 2548 Sed
455 2481 628 2570 &ungens
642 2484 699 2548 sibi
714 2485 849 2571 aliquam
865 2507 995 2562 servam,
1011 2485 1090 2550 clam
1107 2484 1303 2574 congressus,

377 2567 477 2634 Hunc
490 2590 625 2653 puerum
681 2572 760 2648 nuit,
770 2571 947 2662 ablegatum
964 2594 1037 2636 vero
1048 2591 1180 2674 peregre
1191 2573 1286 2638 alicui
1303 2579 1365 2638 820

377 2654 577 2740 Delphorum
592 2669 621 2720 tr
665 2657 721 2720 idit
735 2657 953 2722 educandum:
976 2657 1028 2722 hic
1043 2679 1164 2722 rernm
1181 2659 1246 2724 Del

378 2740 514 2824 Templo
527 2740 672 2805 dimissus
687 2745 846 2823 educatur,
861 2757 896 2808 ut
911 2745 1056 2808 latitaret.

378 2825 426 2891 Ut
441 2846 516 2892 uero
529 2828 626 2892 sensit
641 2827 867 2894 adolescentem
883 2830 1063 2906 adolevisse,

379 2913 537 2978 Persuasit
551 2915 608 2978 tibi
623 2929 658 2977 ut
674 2916 791 2979 venires
805 2915 869 2980 huc
884 2917 1054 2982 sterilitatis
1067 2915 1180 3004 grstia.

379 2999 421 3063 Et
436 2999 525 3064 Deus
542 3021 603 3063 non
619 3001 766 3065 mentitus
780 3017 836 3079 est,
852 3003 909 3066 iste
923 3023 996 3066 vero
1010 3015 1057 3066 est
1071 3003 1231 3078 mentitus,

379 3083 451 3148 Jom
466 3085 541 3153 olim
555 3085 641 3150 alens
656 3088 703 3151 lic
716 3109 798 3152 utrem
813 3088 923 3166 lilium,
939 3103 970 3153 et
984 3091 1094 3152 nexuit
1108 3086 1200 3153 dolos

380 3169 491 3235 Tales:
514 3169 725 3256 deprehensus
739 3175 822 3238 enim
838 3175 1030 3240 consecravit
1043 3193 1115 3239 eum
1131 3173 1214 3252 Deo,

381 3257 496 3322 Latous
512 3271 595 3333 vero,
610 3271 641 3322 et
656 3273 778 3343 tempus
793 3257 852 3324 sihi
865 3260 933 3324 sore
946 3277 1073 3346 sperans
1087 3259 1280 3346 adjumento,

382 3344 554 3428 Imperium
570 3358 662 3408 terroe
676 3345 705 3408 ei
719 3345 842 3410 trudere
857 3345 1002 3411 decrevit.

381 3429 570 3516 Novumqus
583 3451 696 3494 nomen
711 3447 770 3516 per
782 3431 881 3496 otium
897 3431 1015 3510 lictum,
1309 3439 1369 3498 880

382 3517 452 3591 Ion,
467 3516 553 3604 quod
568 3515 683 3582 scillcet
697 3517 835 3584 occurrit
850 3519 946 3582 eunti.

385 3603 450 3666 Hei
463 3602 552 3681 mihi,
567 3613 603 3669 ut
617 3623 738 3690 semper
751 3604 805 3668 odi
819 3605 901 3669 viros
916 3604 1087 3688 improbos,

382 3687 448 3765 Qui
463 3702 686 3775 componentes
692 3689 835 3772 facinora
848 3691 973 3776 injusta,
987 3690 1101 3754 deinde
1115 3689 1297 3754 commentis

382 3769 550 3840 Adornsnt
563 3773 569 3838 l
595 3775 768 3860 simplicem
781 3786 817 3840 ct
829 3777 966 3862 probum
979 3775 1097 3840 habere
1109 3777 1245 3842 amicum

384 3860 442 3924 Ma
466 3863 491 3924 ‘s
504 3860 609 3943 veliin,
625 3883 719 3948 quem
734 3875 881 3940 astutum,
898 3873 928 3927 et
942 3862 1135 3947 improbum.

379 3947 426 4015 ‚Et
463 3971 553 4012 orum
568 3949 709 4014 omnium
725 3963 901 4013 extremum
916 3950 1041 4035 patieris
1055 3951 1185 4026 malum,

382 4031 430 4098 Ut
449 4049 523 4098 eum
545 4035 599 4122 qui
621 4051 753 4100 matrem
773 4057 861 4100 suum
877 4036 1012 4124 ignorat,
1026 4036 1080 4122 qui
1096 4035 1128 4100 in
1143 4033 1232 4100 nullo
1245 4053 1372 4098 numero

468 4133 525 4198 est,
540 4120 595 4208 qui
610 4141 650 4186 ex
663 4121 767 4208 aliqua
781 4143 870 4187 servu

384 4203 522 4272 Muliere
536 4205 629 4274 natu'r
642 4221 698 4286 est,
714 4207 877 4274 dominum
893 4209 926 4272 iu
941 4221 1026 4272 tuam
1041 4207 1173 4274 domum
1186 4207 1289 4274 duces
