2828 4864
247 196 310 275 lsi
632 201 962 272 EURtPtms

332 379 378 446 Et
389 379 492 446 occidi
508 375 629 445 Pelium
643 403 682 446 en
694 403 809 470 genere
823 383 945 460 mortis,
954 379 1041 468 quod
1050 393 1098 447 est
1107 383 1346 467 miserrimm

333 467 398 534 Per
411 467 478 552 ejus
491 465 582 545 filias,
598 489 787 555 omnemque
800 469 857 533 tibi
872 479 990 532 metum
1004 468 1120 533 exemi.

274 591 277 604 ·
334 551 399 619 His
413 567 518 618 tomen
532 553 693 619 beneficiis
702 577 723 619 s
734 576 785 620 me
795 553 936 633 effectus,
949 553 982 620 Ο
995 555 1129 639 pessime
1139 557 1345 638 mortalium,

335 638 507 706 Prodidisti
521 661 583 717 me,
599 659 760 728 novosque
774 640 833 705 tibi
849 641 1039 726 computasti
1052 641 1162 721 lectos,

336 726 419 792 Cum
433 724 550 791 habeus
564 725 697 791 liberos:
720 727 745 791 si
760 726 846 790 euim
860 726 929 791 sine
943 727 1048 790 liben'o
1061 727 1167 793 udhuc
1178 729 1307 812 lirim,

335 809 570 902 ignoscendum
584 813 642 878 tibi
656 827 739 878 esset
753 811 938 900 quodhunc
952 831 1086 878 amessa
1099 813 1227 880 lectmn.

334 899 398 964 Sed
412 898 546 964 evanida
559 911 606 964 est
620 897 699 964 tides
708 899 926 986 jurisjurandi,
937 917 1042 986 neque
1056 921 1185 984 possum
1200 903 1298 984 scire,

333 987 386 1051 An
416 985 573 1050 existimes
602 985 700 1064 Deos,
723 986 777 1072 qui
806 999 882 1049 tunc
909 998 1084 1072 regnarunt
1108 1007 1174 1052 uon
1200 989 1346 1074 amptius

497 1093 562 1149 ore,
1272 1085 1343 1142 491

334 1157 388 1222 An
403 1093 583 1244 vberbnputes
597 1179 679 1223 novo
687 1159 762 1244 jure
775 1158 948 1222 constitute
961 1179 1028 1222 esse
1042 1157 1225 1225 homiuibus
1236 1183 1345 1240 nnnc,

335 1243 424 1318 Quis
436 1245 495 1309 tibi
508 1245 652 1309 conscius
666 1267 700 1308 es
713 1255 745 1308 te
760 1265 823 1308 non
838 1265 975 1309 servasse
990 1243 1066 1308 mihi
1081 1243 1189 1311 fidem.

335 1328 402 1394 Hei
418 1331 582 1396 dexteram
595 1348 735 1408 menum,
750 1351 845 1416 quam
860 1343 895 1394 tu
910 1351 997 1416 soepe
1009 1331 1259 1416 apprehendisti,

335 1415 379 1481 Et
394 1417 463 1481 boec
473 1439 580 1504 genus
591 1439 673 1494 mea,
689 1438 785 1502 quom
798 1414 917 1480 frustra
930 1439 1037 1482 sumus
1051 1417 1184 1503 pollute

334 1502 389 1568 Ab
403 1503 551 1588 improbo
564 1503 689 1580 marito,
704 1515 736 1567 et
750 1523 805 1588 spe
820 1505 980 1567 frustmtoe
993 1525 1112 1569 sumus.

176 1647 181 1656 .
334 1590 408 1672 Age
421 1611 507 1667 vero,
522 1590 685 1676 colloquor
698 1589 782 1652 enim
796 1601 901 1654 mum
916 1601 1067 1676 tanquam
1082 1611 1154 1654 cum
1170 1591 1287 1672 emico,

247 1735 253 1741 .
335 1673 532 1742 Existimens
546 1699 598 1741 rne
612 1674 733 1740 nulium
749 1697 824 1740 saue
839 1675 1026 1740 beneficium
1035 1699 1056 1740 u
1069 1689 1100 1740 te
1114 1691 1335 1763 accepturum,

332 1761 567 1828 Veruntamen:
589 1783 664 1827 nom
678 1761 890 1846 interrogatus
904 1761 1058 1826 videberis
1072 1762 1207 1847 turpior.

335 1849 411 1924 Quo
423 1873 476 1914 me
491 1871 575 1915 nuuc
589 1846 733 1914 vertam?
753 1870 794 1912 sn
808 1847 850 1912 od
864 1847 995 1913 domurn
1005 1849 1116 1950 putris,
1273 1862 1344 1920 500

334 1934 461 2010 Quibus
475 1935 533 1999 tibi
548 1936 692 2021 proditis,
707 1947 738 1999 et
752 1935 864 2020 patrie,
879 1937 937 1999 huc
947 1933 1044 2000 vent?

333 2025 385 2086 An
399 2020 440 2084 ed
456 2021 582 2086 miseras
596 2021 676 2084 filias
693 2019 813 2085 Pelioe?
833 2019 951 2085 scilicet
965 2019 1028 2085 illae
1042 2019 1176 2105 pulchre

334 2105 393 2170 Me
406 2107 582 2191 reciperent
595 2107 629 2170 iu
644 2129 715 2171 suus
729 2106 823 2184 tedes,
839 2129 972 2194 quarum
986 2121 1108 2192 putrent
1124 2109 1280 2176 interfeci.

334 2192 388 2257 Sic
402 2192 486 2256 enirn
502 2213 536 2257 se
550 2215 599 2257 res
614 2192 725 2258 babet:
748 2193 857 2258 amicis
871 2194 999 2281 quidem
1013 2192 1194 2260 domesticis

334 2279 413 2344 Sum
427 2277 546 2355 odioso,
563 2299 642 2365 quos
656 2301 731 2344 vcro
748 2279 826 2344 mihi
840 2301 905 2344 non
920 2279 1086 2365 oportebat
1101 2280 1185 2346 mule

334 2363 463 2443 Facere,
478 2386 543 2442 eos,
559 2366 616 2429 tibi
629 2365 820 2452 gratificans,
835 2366 980 2430 inimicos
994 2365 1107 2432 babeo.

333 2450 423 2535 Ergo
436 2450 544 2516 multis
559 2451 681 2516 Groecis
696 2473 747 2514 me
761 2435 881 2517 felicem
897 2451 1004 2516 heberi

333 2537 449 2602 Fecisti
464 2561 523 2623 pro
537 2536 623 2604 hisce
637 2538 812 2602 beneficiis:
834 2539 997 2626 egregium
1009 2561 1087 2603 vero
1098 2551 1132 2604 to

336 2623 379 2689 Et
394 2623 492 2690 fidum
508 2625 658 2688 maritum
671 2623 774 2688 habeo
788 2623 897 2689 infelix
911 2649 982 2712 ego,

334 2711 369 2776 Si
384 2711 511 2798 quidem
527 2710 645 2799 ingim
659 2710 792 2796 expulsu
804 2733 846 2776 ex
863 2710 922 2774 huc
936 2725 1031 2789 terro,
1275 2726 1345 2784 510

332 2797 457 2862 Orbuts
469 2797 591 2877 enticis,
607 2797 674 2861 solu
687 2819 759 2861 cum
775 2797 850 2861 solis
863 2797 980 2872 liberis,

332 2883 493 2950 Praeclers
506 2906 582 2949 vero
594 2884 697 2971 glorio
711 2886 770 2948 erit
782 2885 843 2948 tibi
857 2906 939 2949 novo
952 2905 1078 2970 sponso,

331 2968 500 3036 Mendicos
514 2993 620 3035 errore
634 2969 716 3034 filios
730 2981 805 3046 tuos,
816 2992 940 3057 meque,
955 2993 1028 3056 quse
1041 2983 1074 3034 te
1087 2972 1218 3036 servavi.

332 3055 365 3120 O
379 3055 517 3141 Jupiter,
576 3079 631 3122 are
644 3057 714 3120 nuri
728 3056 867 3143 quidem,
883 3056 970 3143 quod
986 3058 1028 3120 sit
1043 3057 1273 3138 adulterinum,

333 3141 430 3206 Clare
442 3079 730 3230 signe‘iiominibus
743 3142 870 3224 dedisti,
999 3167 1002 3174 ⁴

295 3257 299 3262 ·
333 3227 396 3294 Sed
411 3251 476 3314 quo
489 3241 635 3314 oporteat
647 3228 781 3294 discerni
792 3229 911 3294 mulum
926 3231 1040 3308 virum,

333 3314 465 3380 Nullum
481 3337 522 3380 ne
536 3317 662 3405 signum
676 3316 758 3380 inest
767 3315 918 3401 corpori?
994 3377 997 3385 .

246 3421 326 3468 otto.
336 3401 452 3466 Gravis
466 3403 612 3489 quiedam
627 3403 676 3467 irs
689 3415 721 3466 et
736 3423 821 3490 tegre
835 3402 985 3468 sonabilis
997 3415 1056 3483 est,

330 3486 473 3564 Quando
487 3490 579 3554 amici
594 3490 828 3554 contentionem
843 3491 953 3554 ineunt
962 3511 1035 3554 cum
1049 3489 1169 3555 amicis.

242 3595 312 3640 sss.
330 3575 468 3659 Oportet
482 3599 543 3654 me,
558 3597 625 3640 non
639 3597 768 3664 segnem
782 3597 849 3640 esse
862 3576 895 3638 in
910 3573 1057 3650 diceudo,
1072 3589 1109 3640 ut
1121 3577 1261 3658 vidam,
1275 3587 1347 3646 520

330 3661 406 3740 Sed,
422 3662 508 3728 velut
522 3663 609 3728 novis
622 3663 812 3747 prudentem
826 3662 1081 3748 gubernatorem,

331 3749 470 3814 Summis
485 3749 549 3813 oris
564 3748 624 3812 veli
638 3748 855 3837 subterfugere

330 3834 435 3898 Tuam
450 3833 620 3911 effrenem,
636 3834 670 3900 0
684 3834 808 3915 mulier,
822 3834 1055 3922 loquacitstfflt.
1127 3919 1136 3935 .

329 3919 590 4072 {iiiiiiiiiffl
596 3921 697 4071 tit
711 3935 990 4073 iiiiff‘diffl
1004 3918 1206 3998 ΜΨ

331 4093 540 4158 Servotricem
556 4117 621 4176 esso
636 4116 673 4158 so
685 4115 733 4158 arn
748 4098 831 4159 inter
845 4094 990 4159 homines
1004 4091 1155 4179 deosque.

330 4177 407 4243 ‘libi
423 4200 497 4243 voro
512 4192 559 4244 est
572 4203 660 4245 mens
674 4179 798 4246 subtilis
812 4180 866 4246 sed
881 4179 1037 4244 invidioso

330 4265 445 4336 Oretio
460 4267 601 4345 tracturi,
617 4267 702 4356 quod
720 4269 822 4334 Amor
836 4282 867 4334 tr
882 4267 1021 4356 coegerit
